<?xml version="1.0" encoding="UTF-8"?>
<!DOCTYPE html PUBLIC "-//W3C//DTD XHTML 1.0 Transitional//EN"
    "http://www.w3.org/TR/xhtml1/DTD/xhtml1-transitional.dtd">
<html xmlns="http://www.w3.org/1999/xhtml" xml:lang="en" lang="en">
 <head>
  <title>
</title>
<meta http-equiv="Content-Type" content="text/html;charset=utf-8" />
  <meta name='ocr-system' content='tesseract 3.04.00' />
  <meta name='ocr-capabilities' content='ocr_page ocr_carea ocr_par ocr_line ocrx_word'/>
</head>
<body>
  <div class='ocr_page' id='page_1' title='image "./davruhnkeniussc00geelgoog_0113.png"; bbox 0 0 2812 4512; ppageno 0'>
   <div class='ocr_carea' id='block_1_1' title="bbox 229 220 906 306">
    <p class='ocr_par' dir='ltr' id='par_1_1' title="bbox 229 220 906 306">
     <span class='ocr_line' id='line_1_1' title="bbox 229 220 906 306; baseline -0.009 -3"><span class='ocrx_word' id='word_1_1' title='bbox 229 251 306 306; x_wconf 69' lang='lat' dir='ltr'><strong>⁴&#39;too</strong></span> <span class='ocrx_word' id='word_1_2' title='bbox 602 220 906 300; x_wconf 51' lang='lat' dir='ltr'>CAESAR</span> 
     </span>
    </p>
   </div>
   <div class='ocr_carea' id='block_1_2' title="bbox 240 399 1278 612">
    <p class='ocr_par' dir='ltr' id='par_1_2' title="bbox 240 399 1278 612">
     <span class='ocr_line' id='line_1_2' title="bbox 249 399 1278 520; baseline 0.001 -37"><span class='ocrx_word' id='word_1_3' title='bbox 249 405 320 483; x_wconf 76' lang='lat' dir='ltr'><strong>Ad</strong></span> <span class='ocrx_word' id='word_1_4' title='bbox 336 402 424 480; x_wconf 75' lang='lat' dir='ltr'><strong>tae&#39;e</strong></span> <span class='ocrx_word' id='word_1_5' title='bbox 450 402 542 488; x_wconf 70' lang='lat' dir='ltr'><strong>noun</strong></span> <span class='ocrx_word' id='word_1_6' title='bbox 567 403 605 520; x_wconf 74' lang='lat' dir='ltr'><strong>et</strong></span> <span class='ocrx_word' id='word_1_7' title='bbox 618 403 772 482; x_wconf 79' lang='lat' dir='ltr'><strong>diverso</strong></span> <span class='ocrx_word' id='word_1_8' title='bbox 789 403 956 501; x_wconf 69' lang='lat' dir='ltr'><strong>&#39;imperiti</strong></span> <span class='ocrx_word' id='word_1_9' title='bbox 973 399 1093 480; x_wconf 73' lang='lat' dir='ltr'><strong>&#39;subito</strong></span> <span class='ocrx_word' id='word_1_10' title='bbox 1113 404 1278 485; x_wconf 53' lang='lat' dir='ltr'><strong>metir*</strong></span> 
     </span>
     <span class='ocr_line' id='line_1_3' title="bbox 240 509 1118 612; baseline -0.004 -24"><span class='ocrx_word' id='word_1_11' title='bbox 240 521 398 612; x_wconf 74' lang='lat' dir='ltr'><strong>eurnagi</strong></span> <span class='ocrx_word' id='word_1_12' title='bbox 410 534 526 608; x_wconf 82' lang='lat' dir='ltr'><strong>putas</strong></span> <span class='ocrx_word' id='word_1_13' title='bbox 540 509 659 608; x_wconf 81' lang='lat' dir='ltr'><strong>posse.</strong></span> <span class='ocrx_word' id='word_1_14' title='bbox 650 543 714 588; x_wconf 86' lang='lat' dir='ltr'><strong>.v.</strong></span> <span class='ocrx_word' id='word_1_15' title='bbox 739 523 902 588; x_wconf 80' lang='lat' dir='ltr'><strong>Torrent.</strong></span> <span class='ocrx_word' id='word_1_16' title='bbox 923 519 1025 586; x_wconf 85' lang='lat' dir='ltr'><strong>adb.</strong></span> <span class='ocrx_word' id='word_1_17' title='bbox 1047 518 1118 585; x_wconf 91' lang='lat' dir='ltr'>l</span> 
     </span>
    </p>
   </div>
   <div class='ocr_carea' id='block_1_3' title="bbox 251 623 1330 817">
    <p class='ocr_par' dir='ltr' id='par_1_3' title="bbox 251 623 1330 817">
     <span class='ocr_line' id='line_1_4' title="bbox 266 623 1281 726; baseline -0.003 -29.893"><span class='ocrx_word' id='word_1_18' title='bbox 266 629 361 708; x_wconf 82' lang='grc'><strong>’.71</strong></span> <span class='ocrx_word' id='word_1_19' title='bbox 402 627 637 695; x_wconf 71' lang='lat' dir='ltr'><em>Masintham</em></span> <span class='ocrx_word' id='word_1_20' title='bbox 679 623 812 691; x_wconf 83' lang='lat' dir='ltr'><strong>Iuvenis</strong></span> <span class='ocrx_word' id='word_1_21' title='bbox 838 626 939 693; x_wconf 86' lang='lat' dir='ltr'><strong>fuisse</strong></span> <span class='ocrx_word' id='word_1_22' title='bbox 960 623 1096 694; x_wconf 83' lang='lat' dir='ltr'><strong>videtur</strong></span> <span class='ocrx_word' id='word_1_23' title='bbox 1122 649 1142 692; x_wconf 91' lang='lat' dir='ltr'><strong>e</strong></span> <span class='ocrx_word' id='word_1_24' title='bbox 1160 628 1281 726; x_wconf 75' lang='lat' dir='ltr'><strong>stirpe</strong></span> 
     </span>
     <span class='ocr_line' id='line_1_5' title="bbox 251 713 1330 817; baseline 0 -25"><span class='ocrx_word' id='word_1_25' title='bbox 251 728 443 817; x_wconf 77' lang='lat' dir='ltr'><strong>priscorum</strong></span> <span class='ocrx_word' id='word_1_26' title='bbox 476 713 613 792; x_wconf 80' lang='lat' dir='ltr'><strong>Africae</strong></span> <span class='ocrx_word' id='word_1_27' title='bbox 639 746 766 808; x_wconf 84' lang='lat' dir='ltr'><strong>regum.</strong></span> <span class='ocrx_word' id='word_1_28' title='bbox 818 725 965 792; x_wconf 76' lang='lat' dir='ltr'><strong>Historia</strong></span> <span class='ocrx_word' id='word_1_29' title='bbox 997 723 1098 790; x_wconf 85' lang='lat' dir='ltr'><strong>huius</strong></span> <span class='ocrx_word' id='word_1_30' title='bbox 1133 741 1280 794; x_wconf 54' lang='lat' dir='ltr'><strong>oentros-</strong></span> <span class='ocrx_word' id='word_1_31' title='bbox 1325 763 1330 772; x_wconf 95' lang='lat'>·</span> 
     </span>
    </p>
   </div>
   <div class='ocr_carea' id='block_1_4' title="bbox 149 819 1392 2098">
    <p class='ocr_par' dir='ltr' id='par_1_4' title="bbox 184 819 1288 1450">
     <span class='ocr_line' id='line_1_6' title="bbox 237 819 979 918; baseline -0.011 -17"><span class='ocrx_word' id='word_1_32' title='bbox 237 833 378 901; x_wconf 55' lang='lat' dir='ltr'><strong>tersiae</strong></span> <span class='ocrx_word' id='word_1_33' title='bbox 403 833 588 918; x_wconf 81' lang='lat' dir='ltr'><strong>ignoretur.</strong></span> <span class='ocrx_word' id='word_1_34' title='bbox 612 852 643 897; x_wconf 89' lang='lat' dir='ltr'><strong>v.</strong></span> <span class='ocrx_word' id='word_1_35' title='bbox 667 828 811 896; x_wconf 85' lang='lat' dir='ltr'><strong>Cesaub.</strong></span> <span class='ocrx_word' id='word_1_36' title='bbox 830 827 874 894; x_wconf 84' lang='lat' dir='ltr'><strong>&#39;ad</strong></span> <span class='ocrx_word' id='word_1_37' title='bbox 898 829 934 894; x_wconf 90' lang='lat' dir='ltr'><strong>h.</strong></span> <span class='ocrx_word' id='word_1_38' title='bbox 955 819 979 894; x_wconf 85' lang='grc' dir='ltr'><strong>Ῑ.</strong></span> 
     </span>
     <span class='ocr_line' id='line_1_7' title="bbox 201 929 1284 1028; baseline -0.006 -17"><span class='ocrx_word' id='word_1_39' title='bbox 201 1005 205 1011; x_wconf 82' lang='grc'><em>,</em></span> <span class='ocrx_word' id='word_1_40' title='bbox 294 939 606 1028; x_wconf 86' lang='lat' dir='ltr'><strong>Prosequentium.</strong></span> <span class='ocrx_word' id='word_1_41' title='bbox 650 934 825 1002; x_wconf 87' lang='lat' dir='ltr'><strong>Praesides</strong></span> <span class='ocrx_word' id='word_1_42' title='bbox 842 929 1231 1027; x_wconf 63' lang='lat' dir='ltr'><strong>provinciarum,&#39;uotis¹</strong></span> <span class='ocrx_word' id='word_1_43' title='bbox 1245 931 1284 1004; x_wconf 89' lang='lat' dir='ltr'><strong>in</strong></span> 
     </span>
     <span class='ocr_line' id='line_1_8' title="bbox 257 1032 1286 1136; baseline -0.004 -22"><span class='ocrx_word' id='word_1_44' title='bbox 257 1032 682 1136; x_wconf 66' lang='lat' dir='ltr'><strong>Capitolib&#39;nunoupatis,</strong></span> <span class='ocrx_word' id='word_1_45' title='bbox 701 1035 869 1133; x_wconf 67' lang='lat' dir='ltr'><strong>&#39;paludati</strong></span> <span class='ocrx_word' id='word_1_46' title='bbox 904 1041 970 1107; x_wconf 82' lang='lat' dir='ltr'><strong>ites</strong></span> <span class='ocrx_word' id='word_1_47' title='bbox 1005 1043 1042 1108; x_wconf 89' lang='lat' dir='ltr'><strong>in</strong></span> <span class='ocrx_word' id='word_1_48' title='bbox 1069 1038 1286 1132; x_wconf 75' lang='lat' dir='ltr'><strong>prorinoiam</strong></span> 
     </span>
     <span class='ocr_line' id='line_1_9' title="bbox 237 1145 1288 1237; baseline -0.003 -20"><span class='ocrx_word' id='word_1_49' title='bbox 237 1145 558 1237; x_wconf 71' lang='lat' dir='ltr'><strong>ingrediebantur,</strong></span> <span class='ocrx_word' id='word_1_50' title='bbox 577 1151 706 1216; x_wconf 79' lang='lat' dir='ltr'><strong>‘amieis</strong></span> <span class='ocrx_word' id='word_1_51' title='bbox 731 1151 831 1215; x_wconf 83' lang='lat' dir='ltr'><strong>offleii</strong></span> <span class='ocrx_word' id='word_1_52' title='bbox 863 1165 977 1216; x_wconf 82' lang='lat' dir='ltr'><strong>caussa</strong></span> <span class='ocrx_word' id='word_1_53' title='bbox 1002 1147 1180 1235; x_wconf 83' lang='lat' dir='ltr'><strong>eliquanto</strong></span> <span class='ocrx_word' id='word_1_54' title='bbox 1210 1147 1288 1214; x_wconf 82' lang='lat' dir='ltr'><strong>viae</strong></span> 
     </span>
     <span class='ocr_line' id='line_1_10' title="bbox 256 1245 1284 1348; baseline -0.004 -24"><span class='ocrx_word' id='word_1_55' title='bbox 256 1260 365 1348; x_wconf 88' lang='lat' dir='ltr'><strong>spatio</strong></span> <span class='ocrx_word' id='word_1_56' title='bbox 394 1257 702 1347; x_wconf 77' lang='lat' dir='ltr'><strong>prosequentibus,</strong></span> <span class='ocrx_word' id='word_1_57' title='bbox 731 1279 769 1321; x_wconf 91' lang='lat' dir='ltr'><strong>ac</strong></span> <span class='ocrx_word' id='word_1_58' title='bbox 795 1256 884 1322; x_wconf 88' lang='lat' dir='ltr'><strong>bene</strong></span> <span class='ocrx_word' id='word_1_59' title='bbox 903 1245 1142 1322; x_wconf 71' lang='lat' dir='ltr'><strong>eminentibus.</strong></span> <span class='ocrx_word' id='word_1_60' title='bbox 1165 1277 1196 1320; x_wconf 86' lang='lat' dir='ltr'><strong>v.</strong></span> <span class='ocrx_word' id='word_1_61' title='bbox 1212 1249 1284 1320; x_wconf 80' lang='lat' dir='ltr'><strong>Si-</strong></span> 
     </span>
     <span class='ocr_line' id='line_1_11' title="bbox 184 1353 1286 1450; baseline -0.003 -21"><span class='ocrx_word' id='word_1_62' title='bbox 184 1357 189 1367; x_wconf 68' lang='grc'><em>’</em></span> <span class='ocrx_word' id='word_1_63' title='bbox 240 1353 334 1449; x_wconf 76' lang='lat' dir='ltr'><strong>-gotu</strong></span> <span class='ocrx_word' id='word_1_64' title='bbox 358 1361 404 1429; x_wconf 88' lang='lat' dir='ltr'><strong>de</strong></span> <span class='ocrx_word' id='word_1_65' title='bbox 429 1378 498 1427; x_wconf 87' lang='lat' dir='ltr'><strong>ant.</strong></span> <span class='ocrx_word' id='word_1_66' title='bbox 530 1362 604 1426; x_wconf 85' lang='lat' dir='ltr'><strong>iure</strong></span> <span class='ocrx_word' id='word_1_67' title='bbox 627 1362 788 1450; x_wconf 70' lang='lat' dir='ltr'><strong>protuli.</strong></span> <span class='ocrx_word' id='word_1_68' title='bbox 810 1361 842 1426; x_wconf 86' lang='grc'><strong>4.</strong></span> <span class='ocrx_word' id='word_1_69' title='bbox 898 1363 1076 1447; x_wconf 85' lang='lat' dir='ltr'><strong>Prosequi</strong></span> <span class='ocrx_word' id='word_1_70' title='bbox 1102 1357 1286 1449; x_wconf 82' lang='lat' dir='ltr'><strong>proprium</strong></span> 
     </span>
    </p>

    <p class='ocr_par' dir='ltr' id='par_1_5' title="bbox 149 1461 1392 2064">
     <span class='ocr_line' id='line_1_12' title="bbox 213 1461 1285 1552; baseline -0.006 -16"><span class='ocrx_word' id='word_1_71' title='bbox 213 1501 216 1506; x_wconf 92' lang='lat'>·</span> <span class='ocrx_word' id='word_1_72' title='bbox 256 1465 632 1550; x_wconf 66' lang='lat' dir='ltr'><strong>verbume&#39;sthonoris</strong></span> <span class='ocrx_word' id='word_1_73' title='bbox 662 1482 698 1532; x_wconf 89' lang='lat' dir='ltr'><strong>et</strong></span> <span class='ocrx_word' id='word_1_74' title='bbox 726 1464 847 1546; x_wconf 80' lang='lat' dir='ltr'><strong>officit,</strong></span> <span class='ocrx_word' id='word_1_75' title='bbox 877 1482 911 1530; x_wconf 89' lang='lat' dir='ltr'><strong>et</strong></span> <span class='ocrx_word' id='word_1_76' title='bbox 939 1464 983 1530; x_wconf 83' lang='lat' dir='ltr'><strong>ed</strong></span> <span class='ocrx_word' id='word_1_77' title='bbox 1004 1461 1080 1542; x_wconf 80' lang='lat' dir='ltr'><strong>illos</strong></span> <span class='ocrx_word' id='word_1_78' title='bbox 1104 1465 1285 1552; x_wconf 78' lang='lat' dir='ltr'><strong>pertinet,</strong></span> 
     </span>
     <span class='ocr_line' id='line_1_13' title="bbox 149 1557 1285 1664; baseline -0.002 -25"><span class='ocrx_word' id='word_1_79' title='bbox 149 1557 154 1568; x_wconf 58' lang='grc'>’</span> <span class='ocrx_word' id='word_1_80' title='bbox 257 1577 319 1664; x_wconf 81' lang='lat' dir='ltr'><strong>qui</strong></span> <span class='ocrx_word' id='word_1_81' title='bbox 338 1599 440 1662; x_wconf 89' lang='lat' dir='ltr'><strong>quem</strong></span> <span class='ocrx_word' id='word_1_82' title='bbox 452 1574 598 1640; x_wconf 81' lang='lat' dir='ltr'><strong>honoris</strong></span> <span class='ocrx_word' id='word_1_83' title='bbox 619 1595 733 1638; x_wconf 82' lang='lat' dir='ltr'><strong>caussa</strong></span> <span class='ocrx_word' id='word_1_84' title='bbox 755 1567 955 1638; x_wconf 88' lang='lat' dir='ltr'><strong>dedueunt.</strong></span> <span class='ocrx_word' id='word_1_85' title='bbox 966 1572 1045 1637; x_wconf 90' lang='lat' dir='ltr'><strong>Tib.</strong></span> <span class='ocrx_word' id='word_1_86' title='bbox 1065 1593 1114 1638; x_wconf 87' lang='grc' dir='ltr'><strong>ιο.</strong></span> <span class='ocrx_word' id='word_1_87' title='bbox 1136 1591 1285 1638; x_wconf 76' lang='lat' dir='ltr'><strong>never-</strong></span> 
     </span>
     <span class='ocr_line' id='line_1_14' title="bbox 256 1673 1392 1780; baseline -0.003 -34"><span class='ocrx_word' id='word_1_88' title='bbox 256 1683 298 1747; x_wconf 83' lang='lat' dir='ltr'><strong>bo</strong></span> <span class='ocrx_word' id='word_1_89' title='bbox 330 1683 472 1780; x_wconf 82' lang='lat' dir='ltr'><strong>quidem</strong></span> <span class='ocrx_word' id='word_1_90' title='bbox 499 1683 667 1768; x_wconf 85' lang='lat' dir='ltr'><strong>cuiquam</strong></span> <span class='ocrx_word' id='word_1_91' title='bbox 684 1680 987 1776; x_wconf 71' lang='lat' dir='ltr'><strong>prosequentium</strong></span> <span class='ocrx_word' id='word_1_92' title='bbox 1019 1677 1168 1742; x_wconf 79' lang='lat' dir='ltr'><strong>redditu.</strong></span> <span class='ocrx_word' id='word_1_93' title='bbox 1184 1673 1285 1744; x_wconf 75' lang='lat' dir='ltr'><strong>Lis.</strong></span> <span class='ocrx_word' id='word_1_94' title='bbox 1391 1744 1392 1770; x_wconf 52' lang='lat'><strong>,</strong></span> 
     </span>
     <span class='ocr_line' id='line_1_15' title="bbox 258 1773 1392 1886; baseline -0.004 -33"><span class='ocrx_word' id='word_1_95' title='bbox 258 1786 319 1854; x_wconf 84' lang='lat' dir='ltr'><strong>VI.</strong></span> <span class='ocrx_word' id='word_1_96' title='bbox 339 1775 394 1852; x_wconf 76' lang='grc'><strong>54.</strong></span> <span class='ocrx_word' id='word_1_97' title='bbox 421 1784 635 1873; x_wconf 83' lang='lat' dir='ltr'><strong>frequentia</strong></span> <span class='ocrx_word' id='word_1_98' title='bbox 656 1788 951 1886; x_wconf 71' lang='lat' dir='ltr'><strong>prosequentium</strong></span> <span class='ocrx_word' id='word_1_99' title='bbox 987 1773 1290 1872; x_wconf 78' lang='lat' dir='ltr'><strong>rogantiumque,</strong></span> <span class='ocrx_word' id='word_1_100' title='bbox 1391 1799 1392 1806; x_wconf 74' lang='grc'>’</span> 
     </span>
     <span class='ocr_line' id='line_1_16' title="bbox 256 1877 1289 1975; baseline -0.001 -19"><span class='ocrx_word' id='word_1_101' title='bbox 256 1886 433 1975; x_wconf 83' lang='lat' dir='ltr'><strong>numquid</strong></span> <span class='ocrx_word' id='word_1_102' title='bbox 461 1892 577 1956; x_wconf 85' lang='lat' dir='ltr'><strong>vellet.</strong></span> <span class='ocrx_word' id='word_1_103' title='bbox 616 1890 701 1954; x_wconf 86' lang='lat' dir='ltr'><strong>ubi</strong></span> <span class='ocrx_word' id='word_1_104' title='bbox 713 1914 744 1957; x_wconf 86' lang='lat' dir='ltr'><strong>v.</strong></span> <span class='ocrx_word' id='word_1_105' title='bbox 785 1879 970 1957; x_wconf 76' lang='lat' dir='ltr'><strong>Drakenb.¹</strong></span> <span class='ocrx_word' id='word_1_106' title='bbox 1014 1877 1104 1954; x_wconf 83' lang='lat' dir='ltr'><strong>Hine</strong></span> <span class='ocrx_word' id='word_1_107' title='bbox 1143 1887 1289 1955; x_wconf 85' lang='lat' dir='ltr'><strong>verbum</strong></span> 
     </span>
     <span class='ocr_line' id='line_1_17' title="bbox 261 1991 1115 2098; baseline -0.001 -37"><span class='ocrx_word' id='word_1_108' title='bbox 261 1991 460 2063; x_wconf 75' lang='lat' dir='ltr'><strong>translatum</strong></span> <span class='ocrx_word' id='word_1_109' title='bbox 481 2011 531 2062; x_wconf 87' lang='lat' dir='ltr'><strong>est</strong></span> <span class='ocrx_word' id='word_1_110' title='bbox 550 1994 603 2062; x_wconf 85' lang='lat' dir='ltr'><strong>ad</strong></span> <span class='ocrx_word' id='word_1_111' title='bbox 608 1997 881 2098; x_wconf 79' lang='lat' dir='ltr'><strong>benivolentiam</strong></span> <span class='ocrx_word' id='word_1_112' title='bbox 903 2013 944 2062; x_wconf 89' lang='lat' dir='ltr'><strong>et</strong></span> <span class='ocrx_word' id='word_1_113' title='bbox 958 2016 1115 2071; x_wconf 77' lang='lat' dir='ltr'><strong>amorem.</strong></span> 
     </span>
    </p>
   </div>
   <div class='ocr_carea' id='block_1_5' title="bbox 259 2089 1290 2276">
    <p class='ocr_par' dir='ltr' id='par_1_6' title="bbox 259 2089 1287 2270">
     <span class='ocr_line' id='line_1_18' title="bbox 305 2089 1287 2190; baseline -0.006 -16"><span class='ocrx_word' id='word_1_114' title='bbox 305 2097 366 2179; x_wconf 84' lang='lat'><strong>72.</strong></span> <span class='ocrx_word' id='word_1_115' title='bbox 410 2098 464 2169; x_wconf 75' lang='lat' dir='ltr'><strong>Et</strong></span> <span class='ocrx_word' id='word_1_116' title='bbox 488 2104 694 2170; x_wconf 81' lang='lat' dir='ltr'><strong>deversorio</strong></span> <span class='ocrx_word' id='word_1_117' title='bbox 726 2124 782 2182; x_wconf 82' lang='lat' dir='ltr'><strong>ee,</strong></span> <span class='ocrx_word' id='word_1_118' title='bbox 816 2089 934 2190; x_wconf 82' lang='lat' dir='ltr'><strong>quod</strong></span> <span class='ocrx_word' id='word_1_119' title='bbox 930 2127 1040 2168; x_wconf 88' lang='lat' dir='ltr'><strong>unum</strong></span> <span class='ocrx_word' id='word_1_120' title='bbox 1063 2115 1168 2186; x_wconf 81' lang='lat' dir='ltr'><strong>erat,</strong></span> <span class='ocrx_word' id='word_1_121' title='bbox 1204 2127 1287 2169; x_wconf 85' lang='lat' dir='ltr'><strong>ees-</strong></span> 
     </span>
     <span class='ocr_line' id='line_1_19' title="bbox 259 2195 1290 2276; baseline 0 -8"><span class='ocrx_word' id='word_1_122' title='bbox 259 2202 361 2274; x_wconf 86' lang='lat' dir='ltr'><strong>serit.</strong></span> <span class='ocrx_word' id='word_1_123' title='bbox 404 2202 456 2268; x_wconf 85' lang='lat' dir='ltr'><strong>Ita</strong></span> <span class='ocrx_word' id='word_1_124' title='bbox 478 2199 571 2267; x_wconf 87' lang='lat' dir='ltr'><strong>hune</strong></span> <span class='ocrx_word' id='word_1_125' title='bbox 601 2201 714 2270; x_wconf 87' lang='lat' dir='ltr'><strong>locum</strong></span> <span class='ocrx_word' id='word_1_126' title='bbox 735 2199 957 2266; x_wconf 85' lang='lat' dir='ltr'><strong>scribendum</strong></span> <span class='ocrx_word' id='word_1_127' title='bbox 986 2223 1065 2276; x_wconf 89' lang='lat' dir='ltr'><strong>esse</strong></span> <span class='ocrx_word' id='word_1_128' title='bbox 1083 2195 1184 2267; x_wconf 84' lang='lat' dir='ltr'><strong>doeet</strong></span> <span class='ocrx_word' id='word_1_129' title='bbox 1208 2197 1290 2268; x_wconf 86' lang='lat' dir='ltr'><strong>Ou-</strong></span> 
     </span>
    </p>
   </div>
   <div class='ocr_carea' id='block_1_6' title="bbox 241 2305 1393 4058">
    <p class='ocr_par' dir='ltr' id='par_1_7' title="bbox 243 2305 1393 2818">
     <span class='ocr_line' id='line_1_20' title="bbox 257 2305 1293 2407; baseline 0.005 -35"><span class='ocrx_word' id='word_1_130' title='bbox 257 2306 482 2407; x_wconf 87' lang='lat' dir='ltr'><strong>dendorpius.</strong></span> <span class='ocrx_word' id='word_1_131' title='bbox 540 2309 801 2374; x_wconf 84' lang='lat' dir='ltr'><strong>Deversorium</strong></span> <span class='ocrx_word' id='word_1_132' title='bbox 829 2324 879 2372; x_wconf 88' lang='lat' dir='ltr'><strong>est</strong></span> <span class='ocrx_word' id='word_1_133' title='bbox 908 2305 1001 2372; x_wconf 87' lang='lat' dir='ltr'><strong>loeus</strong></span> <span class='ocrx_word' id='word_1_134' title='bbox 1027 2305 1070 2372; x_wconf 90' lang='lat' dir='ltr'><strong>ad</strong></span> <span class='ocrx_word' id='word_1_135' title='bbox 1100 2309 1187 2375; x_wconf 89' lang='lat' dir='ltr'><strong>viam</strong></span> <span class='ocrx_word' id='word_1_136' title='bbox 1219 2310 1293 2377; x_wconf 77' lang='lat' dir='ltr'><strong>site</strong></span> 
     </span>
     <span class='ocr_line' id='line_1_21' title="bbox 253 2401 1291 2506; baseline 0.007 -28"><span class='ocrx_word' id='word_1_137' title='bbox 253 2417 409 2497; x_wconf 69' lang='lat' dir='ltr'><strong>noster,</strong></span> <span class='ocrx_word' id='word_1_138' title='bbox 404 2414 482 2480; x_wconf 84' lang='lat' dir='ltr'><strong>sive</strong></span> <span class='ocrx_word' id='word_1_139' title='bbox 504 2415 657 2498; x_wconf 82' lang='lat' dir='ltr'><strong>alienus,</strong></span> <span class='ocrx_word' id='word_1_140' title='bbox 678 2415 718 2480; x_wconf 85' lang='lat' dir='ltr'><strong>i&#39;n</strong></span> <span class='ocrx_word' id='word_1_141' title='bbox 741 2401 847 2506; x_wconf 76' lang='lat' dir='ltr'><strong>quem</strong></span> <span class='ocrx_word' id='word_1_142' title='bbox 864 2411 1066 2479; x_wconf 72' lang='lat' dir='ltr'><strong>devertimus</strong></span> <span class='ocrx_word' id='word_1_143' title='bbox 1087 2415 1291 2504; x_wconf 80' lang='lat' dir='ltr'><strong>quiescendi</strong></span> 
     </span>
     <span class='ocr_line' id='line_1_22' title="bbox 243 2461 1288 2608; baseline 0.004 -22"><span class='ocrx_word' id='word_1_144' title='bbox 243 2544 395 2602; x_wconf 84' lang='lat' dir='ltr'><strong>-eaussa,</strong></span> <span class='ocrx_word' id='word_1_145' title='bbox 417 2516 603 2608; x_wconf 83' lang='lat' dir='ltr'><strong>differtque</strong></span> <span class='ocrx_word' id='word_1_146' title='bbox 624 2461 667 2584; x_wconf 86' lang='lat' dir='ltr'><strong>ab</strong></span> <span class='ocrx_word' id='word_1_147' title='bbox 673 2519 863 2604; x_wconf 76' lang='lat' dir='ltr'><strong>bospitio,</strong></span> <span class='ocrx_word' id='word_1_148' title='bbox 884 2541 1044 2604; x_wconf 81' lang='lat' dir='ltr'><strong>caupona</strong></span> <span class='ocrx_word' id='word_1_149' title='bbox 1067 2537 1109 2586; x_wconf 80' lang='lat' dir='ltr'><strong>et</strong></span> <span class='ocrx_word' id='word_1_150' title='bbox 1124 2525 1288 2590; x_wconf 76' lang='lat' dir='ltr'><strong>tabernis.</strong></span> 
     </span>
     <span class='ocr_line' id='line_1_23' title="bbox 260 2621 1292 2712; baseline 0.002 -16"><span class='ocrx_word' id='word_1_151' title='bbox 260 2653 292 2696; x_wconf 80' lang='grc' dir='ltr'><strong>ι.</strong></span> <span class='ocrx_word' id='word_1_152' title='bbox 322 2628 456 2692; x_wconf 78' lang='lat' dir='ltr'><strong>Manus.</strong></span> <span class='ocrx_word' id='word_1_153' title='bbox 490 2622 533 2692; x_wconf 83' lang='lat' dir='ltr'><strong>ad</strong></span> <span class='ocrx_word' id='word_1_154' title='bbox 566 2624 639 2689; x_wconf 87' lang='lat' dir='ltr'><strong>Cio.</strong></span> <span class='ocrx_word' id='word_1_155' title='bbox 670 2621 713 2688; x_wconf 89' lang='lat' dir='ltr'><strong>ad</strong></span> <span class='ocrx_word' id='word_1_156' title='bbox 739 2625 814 2691; x_wconf 78' lang='lat' dir='ltr'><strong>Div.</strong></span> <span class='ocrx_word' id='word_1_157' title='bbox 843 2625 902 2705; x_wconf 83' lang='lat' dir='ltr'><strong>VI.</strong></span> <span class='ocrx_word' id='word_1_158' title='bbox 929 2648 978 2712; x_wconf 84' lang='lat'><strong>¹9·</strong></span> <span class='ocrx_word' id='word_1_159' title='bbox 1035 2627 1292 2697; x_wconf 81' lang='lat' dir='ltr'><strong>Dominutivum</strong></span> 
     </span>
     <span class='ocr_line' id='line_1_24' title="bbox 260 2727 1393 2818; baseline -0.001 -16"><span class='ocrx_word' id='word_1_160' title='bbox 260 2731 536 2802; x_wconf 63' lang='lat' dir='ltr'><strong>deversoriolum</strong></span> <span class='ocrx_word' id='word_1_161' title='bbox 547 2729 907 2818; x_wconf 78' lang='lat' dir='ltr'><strong>etiamooturtitapud</strong></span> <span class='ocrx_word' id='word_1_162' title='bbox 920 2731 991 2796; x_wconf 79' lang='lat' dir='ltr'><strong>Cic.</strong></span> <span class='ocrx_word' id='word_1_163' title='bbox 1001 2727 1044 2794; x_wconf 85' lang='lat' dir='ltr'><strong>ad</strong></span> <span class='ocrx_word' id='word_1_164' title='bbox 1057 2733 1132 2797; x_wconf 77' lang='lat' dir='ltr'><strong>Du.</strong></span> <span class='ocrx_word' id='word_1_165' title='bbox 1146 2732 1223 2799; x_wconf 84' lang='lat' dir='ltr'><strong>XII.</strong></span> <span class='ocrx_word' id='word_1_166' title='bbox 1236 2755 1289 2802; x_wconf 73' lang='lat' dir='ltr'><strong>so.</strong></span> <span class='ocrx_word' id='word_1_167' title='bbox 1392 2743 1393 2758; x_wconf 65' lang='lat'>¹</span> 
     </span>
    </p>

    <p class='ocr_par' dir='ltr' id='par_1_8' title="bbox 243 2832 1393 3555">
     <span class='ocr_line' id='line_1_25' title="bbox 305 2832 1291 2926; baseline -0.003 -21"><span class='ocrx_word' id='word_1_168' title='bbox 305 2838 379 2905; x_wconf 86' lang='lat' dir='ltr'><strong>Sub</strong></span> <span class='ocrx_word' id='word_1_169' title='bbox 405 2838 508 2920; x_wconf 81' lang='lat' dir='ltr'><strong>diuo,</strong></span> <span class='ocrx_word' id='word_1_170' title='bbox 531 2835 604 2904; x_wconf 82' lang='lat' dir='ltr'><strong>seii.</strong></span> <span class='ocrx_word' id='word_1_171' title='bbox 630 2835 734 2903; x_wconf 87' lang='lat' dir='ltr'><strong>coelo.</strong></span> <span class='ocrx_word' id='word_1_172' title='bbox 759 2862 844 2926; x_wconf 88' lang='lat' dir='ltr'><strong>quae</strong></span> <span class='ocrx_word' id='word_1_173' title='bbox 875 2862 937 2904; x_wconf 84' lang='lat' dir='ltr'><strong>vox</strong></span> <span class='ocrx_word' id='word_1_174' title='bbox 964 2859 1064 2925; x_wconf 84' lang='lat' dir='ltr'><strong>saepe</strong></span> <span class='ocrx_word' id='word_1_175' title='bbox 1093 2832 1291 2920; x_wconf 64' lang='lat' dir='ltr'><strong>omittitur,</strong></span> 
     </span>
     <span class='ocr_line' id='line_1_26' title="bbox 257 2937 1393 3035; baseline -0.001 -22"><span class='ocrx_word' id='word_1_176' title='bbox 257 2964 298 3013; x_wconf 85' lang='lat' dir='ltr'><strong>at</strong></span> <span class='ocrx_word' id='word_1_177' title='bbox 324 2947 474 3033; x_wconf 86' lang='lat' dir='ltr'><strong>inpuro</strong></span> <span class='ocrx_word' id='word_1_178' title='bbox 498 2961 532 3010; x_wconf 85' lang='lat' dir='ltr'><strong>et</strong></span> <span class='ocrx_word' id='word_1_179' title='bbox 550 2968 685 3012; x_wconf 85' lang='lat' dir='ltr'><strong>sereno.</strong></span> <span class='ocrx_word' id='word_1_180' title='bbox 711 2967 743 3008; x_wconf 84' lang='lat' dir='ltr'><strong>v.</strong></span> <span class='ocrx_word' id='word_1_181' title='bbox 766 2942 884 3008; x_wconf 81' lang='lat' dir='ltr'><strong>Senot.</strong></span> <span class='ocrx_word' id='word_1_182' title='bbox 904 2937 1072 3011; x_wconf 67' lang='lat' dir='ltr'><strong>Mtalv.</strong></span> <span class='ocrx_word' id='word_1_183' title='bbox 1094 2944 1124 3010; x_wconf 81' lang='lat'><strong>4.</strong></span> <span class='ocrx_word' id='word_1_184' title='bbox 1156 2967 1192 3035; x_wconf 87' lang='lat' dir='ltr'><strong>p.</strong></span> <span class='ocrx_word' id='word_1_185' title='bbox 1214 2947 1293 3014; x_wconf 81' lang='lat'><strong>564.</strong></span> <span class='ocrx_word' id='word_1_186' title='bbox 1392 2991 1393 3012; x_wconf 58' lang='grc' dir='ltr'><strong>ι</strong></span> 
     </span>
     <span class='ocr_line' id='line_1_27' title="bbox 261 3043 1293 3142; baseline -0.004 -20"><span class='ocrx_word' id='word_1_187' title='bbox 261 3055 404 3142; x_wconf 79' lang='lat' dir='ltr'><strong>Semper</strong></span> <span class='ocrx_word' id='word_1_188' title='bbox 423 3051 630 3122; x_wconf 80' lang='lat' dir='ltr'><strong>MSStorum</strong></span> <span class='ocrx_word' id='word_1_189' title='bbox 658 3047 856 3116; x_wconf 79' lang='lat' dir='ltr'><strong>auctoritate</strong></span> <span class='ocrx_word' id='word_1_190' title='bbox 883 3043 1104 3126; x_wconf 77' lang='lat' dir='ltr'><strong>scribendum</strong></span> <span class='ocrx_word' id='word_1_191' title='bbox 1134 3051 1203 3116; x_wconf 84' lang='lat' dir='ltr'><strong>sub</strong></span> <span class='ocrx_word' id='word_1_192' title='bbox 1229 3052 1293 3118; x_wconf 80' lang='lat' dir='ltr'><strong>dt-</strong></span> 
     </span>
     <span class='ocr_line' id='line_1_28' title="bbox 260 3154 1002 3241; baseline -0.015 -13"><span class='ocrx_word' id='word_1_193' title='bbox 260 3185 328 3241; x_wconf 79' lang='lat' dir='ltr'><strong>vo,</strong></span> <span class='ocrx_word' id='word_1_194' title='bbox 350 3181 421 3224; x_wconf 88' lang='lat' dir='ltr'><strong>non</strong></span> <span class='ocrx_word' id='word_1_195' title='bbox 447 3159 511 3225; x_wconf 84' lang='lat' dir='ltr'><strong>snb</strong></span> <span class='ocrx_word' id='word_1_196' title='bbox 535 3159 605 3225; x_wconf 87' lang='lat' dir='ltr'><strong>dio.</strong></span> <span class='ocrx_word' id='word_1_197' title='bbox 627 3179 658 3224; x_wconf 83' lang='lat' dir='ltr'><strong>v.</strong></span> <span class='ocrx_word' id='word_1_198' title='bbox 680 3159 762 3224; x_wconf 88' lang='lat' dir='ltr'><strong>Intt.</strong></span> <span class='ocrx_word' id='word_1_199' title='bbox 787 3154 887 3221; x_wconf 86' lang='lat' dir='ltr'><strong>adh.</strong></span> <span class='ocrx_word' id='word_1_200' title='bbox 911 3154 935 3220; x_wconf 89' lang='lat'><strong>1.</strong></span> <span class='ocrx_word' id='word_1_201' title='bbox 1000 3195 1002 3204; x_wconf 55' lang='grc' dir='ltr'><strong>ι</strong></span> 
     </span>
     <span class='ocr_line' id='line_1_29' title="bbox 271 3245 1297 3350; baseline 0 -18"><span class='ocrx_word' id='word_1_202' title='bbox 271 3301 273 3308; x_wconf 93' lang='grc'><strong><em>·</em></strong></span> <span class='ocrx_word' id='word_1_203' title='bbox 300 3268 558 3343; x_wconf 78' lang='lat' dir='ltr'><strong>Grnssatores,</strong></span> <span class='ocrx_word' id='word_1_204' title='bbox 580 3260 764 3350; x_wconf 46' lang='lat' dir='ltr'><strong>sunt„qui</strong></span> <span class='ocrx_word' id='word_1_205' title='bbox 791 3261 857 3326; x_wconf 79' lang='lat' dir='ltr'><strong>vias</strong></span> <span class='ocrx_word' id='word_1_206' title='bbox 886 3259 1071 3343; x_wconf 76' lang='lat' dir='ltr'><strong>obsident,</strong></span> <span class='ocrx_word' id='word_1_207' title='bbox 1088 3279 1123 3328; x_wconf 86' lang='lat' dir='ltr'><strong>et</strong></span> <span class='ocrx_word' id='word_1_208' title='bbox 1148 3245 1297 3332; x_wconf 67' lang='lat' dir='ltr'><strong>viatoies</strong></span> 
     </span>
     <span class='ocr_line' id='line_1_30' title="bbox 243 3363 1303 3464; baseline -0.008 -25"><span class='ocrx_word' id='word_1_209' title='bbox 243 3371 420 3464; x_wconf 76' lang='lat' dir='ltr'><strong>,spoliant</strong></span> <span class='ocrx_word' id='word_1_210' title='bbox 441 3393 473 3437; x_wconf 88' lang='lat' dir='ltr'><strong>v.</strong></span> <span class='ocrx_word' id='word_1_211' title='bbox 495 3369 585 3433; x_wconf 88' lang='lat' dir='ltr'><strong>Fest.</strong></span> <span class='ocrx_word' id='word_1_212' title='bbox 604 3388 636 3433; x_wconf 86' lang='lat' dir='ltr'><strong>v.</strong></span> <span class='ocrx_word' id='word_1_213' title='bbox 653 3364 828 3448; x_wconf 83' lang='lat' dir='ltr'><strong>Grasssri,</strong></span> <span class='ocrx_word' id='word_1_214' title='bbox 851 3365 991 3433; x_wconf 82' lang='lat' dir='ltr'><strong>Cesaub.</strong></span> <span class='ocrx_word' id='word_1_215' title='bbox 1010 3363 1053 3428; x_wconf 88' lang='lat' dir='ltr'><strong>ad</strong></span> <span class='ocrx_word' id='word_1_216' title='bbox 1066 3363 1163 3451; x_wconf 71' lang='lat' dir='ltr'><strong>Aug.</strong></span> <span class='ocrx_word' id='word_1_217' title='bbox 1183 3373 1237 3437; x_wconf 69' lang='grc' dir='ltr'><strong>ὅτι.</strong></span> <span class='ocrx_word' id='word_1_218' title='bbox 1262 3392 1303 3446; x_wconf 63' lang='lat' dir='ltr'><strong>et</strong></span> 
     </span>
     <span class='ocr_line' id='line_1_31' title="bbox 264 3471 782 3555; baseline -0.021 -8"><span class='ocrx_word' id='word_1_219' title='bbox 264 3481 389 3547; x_wconf 70' lang='lat' dir='ltr'><strong>Sem.</strong></span> <span class='ocrx_word' id='word_1_220' title='bbox 408 3471 450 3540; x_wconf 89' lang='lat' dir='ltr'><strong>ad</strong></span> <span class='ocrx_word' id='word_1_221' title='bbox 469 3471 559 3539; x_wconf 93' lang='lat' dir='ltr'><strong>Plin.</strong></span> <span class='ocrx_word' id='word_1_222' title='bbox 583 3473 706 3555; x_wconf 84' lang='lat' dir='ltr'><strong>Peneg.</strong></span> <span class='ocrx_word' id='word_1_223' title='bbox 730 3472 782 3539; x_wconf 79' lang='grc'><strong>54.</strong></span> 
     </span>
    </p>

    <p class='ocr_par' dir='ltr' id='par_1_9' title="bbox 241 3577 1303 4058">
     <span class='ocr_line' id='line_1_32' title="bbox 310 3577 1298 3665; baseline 0 -21"><span class='ocrx_word' id='word_1_224' title='bbox 310 3581 371 3657; x_wconf 83' lang='grc'><strong>73,</strong></span> <span class='ocrx_word' id='word_1_225' title='bbox 412 3580 590 3665; x_wconf 79' lang='lat' dir='ltr'><strong>Excipere</strong></span> <span class='ocrx_word' id='word_1_226' title='bbox 612 3594 646 3644; x_wconf 88' lang='lat' dir='ltr'><strong>et</strong></span> <span class='ocrx_word' id='word_1_227' title='bbox 671 3582 876 3665; x_wconf 79' lang='lat' dir='ltr'><strong>suscipere,</strong></span> <span class='ocrx_word' id='word_1_228' title='bbox 898 3578 1208 3665; x_wconf 85' lang='lat' dir='ltr'><strong>saepepromiseue</strong></span> <span class='ocrx_word' id='word_1_229' title='bbox 1232 3577 1298 3644; x_wconf 87' lang='lat' dir='ltr'><strong>di·</strong></span> 
     </span>
     <span class='ocr_line' id='line_1_33' title="bbox 241 3676 1297 3764; baseline -0.002 -18"><span class='ocrx_word' id='word_1_230' title='bbox 241 3696 399 3754; x_wconf 73' lang='lat' dir='ltr'><strong>,ountun</strong></span> <span class='ocrx_word' id='word_1_231' title='bbox 422 3679 535 3764; x_wconf 87' lang='lat' dir='ltr'><strong>Nepos</strong></span> <span class='ocrx_word' id='word_1_232' title='bbox 549 3676 657 3744; x_wconf 90' lang='lat' dir='ltr'><strong>Dione</strong></span> <span class='ocrx_word' id='word_1_233' title='bbox 673 3678 704 3744; x_wconf 84' lang='lat'><strong>8.</strong></span> <span class='ocrx_word' id='word_1_234' title='bbox 727 3680 861 3763; x_wconf 72' lang='lat' dir='ltr'><strong>exeipit</strong></span> <span class='ocrx_word' id='word_1_235' title='bbox 881 3676 948 3739; x_wconf 77' lang='lat' dir='ltr'><strong>tes</strong></span> <span class='ocrx_word' id='word_1_236' title='bbox 959 3689 1090 3759; x_wconf 79' lang='lat' dir='ltr'><strong>partes</strong></span> <span class='ocrx_word' id='word_1_237' title='bbox 1102 3679 1181 3762; x_wconf 85' lang='lat' dir='ltr'><strong>ipse</strong></span> <span class='ocrx_word' id='word_1_238' title='bbox 1202 3678 1297 3744; x_wconf 84' lang='lat' dir='ltr'><em>Cal-</em></span> 
     </span>
     <span class='ocr_line' id='line_1_34' title="bbox 260 3779 1300 3868; baseline -0.008 -12"><span class='ocrx_word' id='word_1_239' title='bbox 260 3792 416 3856; x_wconf 85' lang='lat' dir='ltr'><strong>licrates.</strong></span> <span class='ocrx_word' id='word_1_240' title='bbox 441 3782 513 3848; x_wconf 83' lang='lat' dir='ltr'><strong>Cic.</strong></span> <span class='ocrx_word' id='word_1_241' title='bbox 537 3785 631 3849; x_wconf 84' lang='lat' dir='ltr'><strong>Brut.-</strong></span> <span class='ocrx_word' id='word_1_242' title='bbox 652 3784 706 3868; x_wconf 80' lang='lat'><strong>69.</strong></span> <span class='ocrx_word' id='word_1_243' title='bbox 737 3805 818 3848; x_wconf 86' lang='lat' dir='ltr'><strong>eum</strong></span> <span class='ocrx_word' id='word_1_244' title='bbox 842 3803 989 3868; x_wconf 80' lang='lat' dir='ltr'><strong>magnos</strong></span> <span class='ocrx_word' id='word_1_245' title='bbox 1016 3779 1153 3846; x_wconf 77' lang='lat' dir='ltr'><strong>utores</strong></span> <span class='ocrx_word' id='word_1_246' title='bbox 1186 3805 1300 3848; x_wconf 76' lang='lat' dir='ltr'><strong>esee-</strong></span> 
     </span>
     <span class='ocr_line' id='line_1_35' title="bbox 254 3885 1303 3988; baseline -0.002 -30"><span class='ocrx_word' id='word_1_247' title='bbox 254 3899 383 3988; x_wconf 76' lang='lat' dir='ltr'><strong>pisset.</strong></span> <span class='ocrx_word' id='word_1_248' title='bbox 408 3913 438 3962; x_wconf 85' lang='grc' dir='ltr'><strong>ιι.</strong></span> <span class='ocrx_word' id='word_1_249' title='bbox 463 3889 597 3960; x_wconf 72' lang='lat' dir='ltr'><strong>uuest.</strong></span> <span class='ocrx_word' id='word_1_250' title='bbox 616 3885 658 3961; x_wconf 81' lang='lat' dir='ltr'><strong>ed</strong></span> <span class='ocrx_word' id='word_1_251' title='bbox 679 3887 713 3958; x_wconf 91' lang='lat' dir='ltr'><strong>h.</strong></span> <span class='ocrx_word' id='word_1_252' title='bbox 735 3885 758 3957; x_wconf 88' lang='lat' dir='ltr'><strong>l.</strong></span> <span class='ocrx_word' id='word_1_253' title='bbox 784 3887 878 3960; x_wconf 86' lang='lat' dir='ltr'><strong>etad</strong></span> <span class='ocrx_word' id='word_1_254' title='bbox 904 3890 1014 3957; x_wconf 86' lang='lat' dir='ltr'><strong>Tacit.</strong></span> <span class='ocrx_word' id='word_1_255' title='bbox 1043 3887 1134 3978; x_wconf 79' lang='lat' dir='ltr'><strong>Anu.</strong></span> <span class='ocrx_word' id='word_1_256' title='bbox 1155 3889 1216 3957; x_wconf 79' lang='lat' dir='ltr'><strong>vl.</strong></span> <span class='ocrx_word' id='word_1_257' title='bbox 1244 3893 1303 3956; x_wconf 73' lang='lat'><strong>15.</strong></span> 
     </span>
     <span class='ocr_line' id='line_1_36' title="bbox 243 3993 1299 4058; baseline -0.002 0"><span class='ocrx_word' id='word_1_258' title='bbox 243 4025 249 4035; x_wconf 88' lang='lat'><strong>·</strong></span> <span class='ocrx_word' id='word_1_259' title='bbox 750 4024 754 4042; x_wconf 75' lang='lat'><em>¹</em></span> <span class='ocrx_word' id='word_1_260' title='bbox 800 4023 804 4032; x_wconf 95' lang='lat'>·</span> <span class='ocrx_word' id='word_1_261' title='bbox 1204 3993 1299 4058; x_wconf 73' lang='lat' dir='ltr'><strong>‘Fct-</strong></span> 
     </span>
    </p>
   </div>
   <div class='ocr_carea' id='block_1_7' title="bbox 0 0 1419 4512">
    <p class='ocr_par' dir='ltr' id='par_1_10' title="bbox 0 0 1419 4512">
     <span class='ocr_line' id='line_1_37' title="bbox 0 0 1419 4512; baseline 0 0"><span class='ocrx_word' id='word_1_262' title='bbox 0 0 1419 4512; x_wconf 95' lang='lat' dir='ltr'><strong> </strong></span> 
     </span>
    </p>
   </div>
  </div>
 </body>
</html>
