2814 4514
243 288 311 365 316
636 280 905 352 NERO.

206 503 211 513 ·
241 469 473 563 praefectam
502 465 620 551 urbis,
644 469 865 574 auspicandi
887 468 1014 578 gratia
1037 469 1236 544 trihunal
1219 491 1289 548 itt-⁵.

245 598 425 667 gressum.
414 574 509 642 .uhi
528 601 560 644 v.
582 577 677 665 Lips.
696 592 731 644 et
751 575 888 644 Ernest.

296 687 333 761 9.
373 683 574 766 Attoniti,
596 683 738 776 proprie
758 681 943 770 dicuntur,
967 684 1028 778 qui
1051 707 1178 752 nomen
1198 685 1288 760 dant

245 788 285 854 in
303 785 480 853 coloniam.
504 784 576 850 Cio.
596 782 752 860 Phil.,II.·
768 785 823 853 4ο.
847 786 983 852 colonos
998 792 1100 852 novoe
1121 789 1287 856 adscribi

237 917 348 986 posse
378 894 562 979 rescripsi,
586 891 660 958 Liv.
686 891 747 960 IV.
774 911 827 956 Ιιο.
849 893 1055 992 venationes
1074 896 1187 960 coloni
1207 895 1283 961 ad-

178 1071 180 1076 ,
243 1006 377 1090 scripti
399 1001 611 1068 remanendo
635 1000 675 1066 in
702 996 837 1064 colonia
850 999 1027 1068 citavere.
1057 1001 1118 1070 uhi
1138 1023 1171 1070 ιι.
1191 1001 1286 1068 Dra-
1391 1061 1392 1070 ,

241 1110 356 1177 -1ιιιιι1ι,
503 1195 505 1202 Α

290 1221 361 1286 Per
377 1205 552 1285 domicilii
569 1215 853 1286 translationem.
896 1214 989 1280 Haeo
1013 1211 1061 1278 ita
1081 1209 1284 1297 intelligen-

240 1323 313 1406 da,
335 1317 374 1393 nt
393 1329 433 1393 iis
457 1325 575 1391 datum
596 1322 640 1387 sit
662 1320 760 1388 Antii
783 1317 1007 1402 domicilium,
1030 1336 1162 1400 servato
1182 1319 1286 1386 etiam
1389 1405 1390 1408 Ἴ

246 1419 396 1521 pristino
423 1434 573 1513 Romae,
601 1427 655 1504 rel
685 1427 780 1498 alibi.
826 1429 883 1496 Sic
907 1429 1098 1516 municipes
1124 1425 1195 1498 duo
1216 1426 1285 1496 ha-

241 1538 331 1605 ·bere
355 1537 527 1603 domicilia
551 1534 718 1626 solebant.
745 1561 776 1603 v.
793 1536 928 1603 Ernest.
946 1532 989 1601 ad
1008 1535 1045 1604 h.
1064 1535 1095 1628 «l,

178 1686 196 1704 a
240 1645 541 1727 Praetorio,i.
558 1669 586 1710 e.
612 1642 811 1712 cohortibus
833 1646 1071 1740 praetorianis.
1092 1668 1127 1720 v.
1145 1642 1210 1721 ins.
1226 1645 1282 1714 46.

248 1769 284 1819 et
305 1752 463 1818 Perizon.
482 1748 526 1818 de
546 1752 698 1842 Praetor.
718 1775 754 1840 p.
772 1775 823 1838 71·

199 1910 201 1916 ,
240 1910 244 1918 »
298 1861 359 1937 10.
400 1839 753 1946 DelatoreoPapiae
773 1861 912 1945 legisj
901 1883 978 1938 ne.
1001 1883 1066 1964 qui
1052 1858 1287 1932 deferebant

224 1958 418 2042 coelibes,
451 1976 508 2025 aut
543 1981 622 2040 eos,
656 1957 717 2046 qui
752 1952 844 2047 quid
867 1976 986 2042 contra
1012 1957 1108 2030 illam
1135 1959 1287 2048 legeme

247 2069 457 2134 testamentis
483 2068 662 2162 cepissent.
695 2090 726 2144 ι’.
757 2069 867 2144 Tacit.
890 2070 985 2139 Ann.
1013 2069 1075 2138 111.
1098 2048 1149 2135 28.
1173 2082 1208 2133 et
1233 2065 1285 2134 ibi

248 2175 291 2244 Li
319 2199 345 2242 s.

291 2201 517 2354 tirasonam.
540 2285 652 2354 Tacit.
678 2282 773 2351 Ann.
800 2281 876 2352 XV.
906 2303 959 2370 72.
992 2281 1100 2361 dicit:
1134 2282 1284 2350 addidit

153 2407 155 2414 ’
188 2447 190 2452 -
247 2397 325 2462 sine
338 2393 462 2480 pretio
469 2391 715 2477 framentum.
736 2390 796 2454 uhi
817 2413 849 2462 v.
873 2391 968 2483 Lips.
1201 2381 1205 2390 ’

289 2499 351 2566 Ex
371 2520 467 2564 more
490 2489 741 2568 subscriberet.
763 2522 795 2566 v.
822 2500 978 2568 Perizon.
998 2497 1042 2567 de
1070 2499 1221 2573 Praetor.
1246 2524 1284 2588 p.

246 2611 443 2780 ιγόὀιηιιιιῖ
442 2714 637 2791 ordiness
627 2737 650 2779 1.
663 2737 692 2778 ιι.
715 2715 917 2803 praecipuos
932 2714 1084 2782 omnium
1103 2685 1284 2796 ordinum,

246 2823 314 2890 nisi
335 2846 412 2889 cum
439 2822 558 2914 Lipsio
584 2819 696 2906 legere
722 2818 840 2890 melisa
850 2845 993 2912 omnes
1015 2823 1207 2891 Senatores
1229 2841 1287 2884 or·

198 2929 200 2933 ⁴
246 2933 340 2998 dine.

290 3041 468 3140 Subinde,
500 3039 523 3107 i.
557 3061 587 3104 e.
622 3039 847 3128 frequenter„
878 3033 1081 3105 identidem.
1113 3031 1197 3104 Tib.
1226 3033 1283 3110 572

244 3149 394 3222 cabinde
427 3151 465 3214 in
496 3149 718 3235 obiurgando
750 3147 936 3233 appellans
967 3167 1059 3218 eum·
1089 3167 1121 3212 v·
1154 3138 1283 3212 Duker.

176 3324 179 3331 ,
242 3253 286 3322 od
308 3253 460 3322 Flor.II.
485 3277 535 3320 ιο.
560 3280 596 3346 p.
622 3259 696 3324 366.

295 3364 352 3438 11.
397 3363 580 3428 Iuvenales
609 3363 706 3443 lucii,
737 3356 865 3443 scenici
892 3370 1019 3437 erant,
1049 3353 1111 3423 sed
1134 3353 1283 3447 priuati,

243 3481 278 3531 et
305 3487 368 3553 per
397 3459 536 3527 domum
564 3459 760 3541 celebrati,
782 3474 840 3522 aut
865 3456 908 3520 in
935 3454 1054 3522 hortis.
1099 3455 1165 3520 Eos
1194 3455 1286 3552 Nero

241 3567 413 3646 instituit,
438 3591 517 3634 cum
529 3565 673 3638 barbam
686 3569 834 3657 primam
847 3580 1005 3655 poneret.
1029 3563 1202 3661 Iuvenalis
1220 3589 1284 3632 au·

245 3692 314 3740 tem
338 3670 430 3737 dicta
459 3693 558 3760 sunt,
589 3677 669 3767 quia
699 3693 738 3742 nt
764 3673 914 3741 tirocinii
945 3670 1000 3736 die
1026 3675 1151 3758 pueros
1176 3692 1285 3738 exue·

244 3783 350 3862 bant,
374 3780 422 3843 sio
439 3780 548 3844 barba
564 3801 638 3846 rasa
654 3781 876 3848 iuventutem.
896 3803 927 3846 v.
946 3775 1057 3845 Tacit·
1074 3775 1170 3846 Anu.
1189 3775 1285 3844 XIV·

247 3891 295 3958 15.
321 3905 354 3953 et
375 3887 425 3954 ihi
449 3887 567 3984 Lips.!

221 4037 238 4048 ··
285 4000 386 4070 Loca
404 4000 524 4093 equiti
544 4003 694 4066 secreta.
741 3996 925 4094 Equitibus
945 3989 1039 4062 nu'no
1062 4007 1192 4060 secreta
1214 3990 1291 4056 loca

1221 4115 1289 4168 trs-
