2782 4526
395 233 398 240 ⁴
494 259 789 339 CAESAR
1111 277 1154 368 ἡ

23 512 26 525 ,
127 445 301 514 summam
320 449 386 534 agi
413 463 606 520 cernentes.
627 450 755 524 1v.14.
779 455 1149 545 primnessenatas

92 575 97 582 ·
126 556 332 648 raditionem
352 558 507 622 consulis
537 556 581 621 de
608 575 757 624 summo·
777 583 898 628 rerum
921 563 1081 630 madore.
1113 586 1147 630 v.

124 659 276 728 Gronov.
291 657 335 726 ad
346 661 420 730 Liv.
429 660 621 729 XXXVIII.
632 663 685 729 50.
698 680 734 730 ot
747 664 919 732 Drakcnb.
930 665 973 732 ad
980 668 1078 738 -vllt
1094 671 1148 737 26.

174 767 324 850 Quando
345 793 409 836 nec
434 784 516 834 etc..
543 763 639 834 Nihil
658 768 768 834 verius
793 767 971 838 doctorum
999 772 1150 840 virorum

119 872 381 941 emendationes
399 875 539 964 quondo
556 887 593 940 et
599 873 790 961 plebiscito
809 877 1003 963 Pompeius
1014 892 1147 967 postea
1249 932 1251 936 .
1326 869 1327 876 Ι

120 981 338 1068 ohrogoeset.
395 981 529 1048 Caesari
558 979 739 1080 plebiscito
775 980 991 1070 privilegium
1028 983 1147 1054 datum

118 1103 213 1170 erat,
235 1102 274 1151 ut
299 1085 421 1154 absens
438 1083 629 1153 'secundum
652 1083 862 1152 consulatum
880 1104 999 1180 petere
1019 1106 1144 1180 posset·

104 1194 195 1262 ,Hoc
225 1191 444 1282 plebiscitum
480 1211 551 1258 non
585 1189 759 1276 abrogavit
788 1191 990 1282 Pompeius,
1023 1193 1084 1262 sed
1113 1195 1146 1261 ei
1250 1265 1253 1272 ,

118 1301 312 1386 abrogavit,
334 1323 430 1382 cum,
448 1293 501 1364 vel
518 1317 582 1386 per
599 1295 830 1382 oblivionem,
852 1297 905 1384 vol
923 1296 1040 1365 dedita
1054 1322 1143 1390 ope-

115 1431 175 1490 ra,
206 1399 359 1492 lege'rua
389 1425 505 1474 omnes
532 1402 688 1469 absentes
711 1404 754 1470 ab
785 1403 954 1473 honorum
976 1407 1143 1494 petitione

115 1517 332 1597 removisset,
354 1537 419 1580 nec
432 1511 509 1577 ullis
525 1509 637 1578 verbis
651 1510 839 1599 excepisset
849 1515 1035 1581 Caesarem.
1057 1511 1141 1578 Ao-

118 1637 270 1712 rogotur
293 1623 368 1705 tex,
393 1644 470 1688 cum
486 1617 583 1710 prior
604 1613 668 1682 alia
688 1619 878 1706 posteriore
902 1635 1042 1707 prorsus
1068 1616 1165 1686 tol··

117 1727 211 1795 litur.
261 1719 470 1815 Ob'rogotur
490 1726 587 1811 legi,
611 1745 687 1790 cum
710 1723 842 1816 aliquid
864 1747 906 1790 er
928 1726 1044 1814 priore
1065 1726 1143 1813 lege

114 1852 275 1902 mutatur.
297 1856 329 1903 v.
353 1835 492 1924 Ulpian.
510 1832 641 1918 Fragm.
659 1832 685 1898 Ι.
710 1833 742 1920 §.
764 1835 803 1902 5.
818 1847 854 1898 ct
873 1830 924 1896 ibi
948 1827 1142 1918 Schulting.

115 1941 190 2008 Cic.
211 1937 255 2004 ad
277 1940 350 2007 Att.
363 1943 424 2009 ΠΙ.
446 1945 499 2011 25.
528 1939 632 2020 Quod
643 1959 716 2027 per
736 1944 849 2028 Iegem
872 1937 1033 2004 Clodiam
1044 1957 1141 2024 pro-

114 2047 297 2132 mulgere,
310 2044 505 2130 obrogare,
521 2047 711 2132 derogare,
727 2047 919 2134 obrogare,
936 2045 1012 2109 sine
1020 2038 1141 2126 frau-

115 2153 159 2220 de
172 2145 240 2218 suo
259 2173 328 2226 nou
346 2145 465 2215 liceat.
509 2147 606 2214 Idem
625 2148 717 2236 apud
738 2151 893 2217 Lactant.
914 2151 973 2220 VI.
999 2151 1031 2218 8.
1053 2149 1140 2214 huic

113 2261 188 2350 legi
207 2277 271 2326 nec
299 2255 468 2342 adrogari
471 2252 539 2342 fcto
568 2269 640 2338 est,
663 2278 775 2345 neque
802 2255 974 2342 derogari
999 2277 1043 2318 esc
1070 2253 1140 2319 bac

112 2362 255 2450 aliquid
271 2363 355 2428 licet
362 2386 380 2440 ,·
399 2385 510 2452 neque
532 2375 608 2430 toto
627 2362 938 2450 abrogaripotest.
961 2381 993 2429 v.
1010 2353 1136 2427 Duker.

112 2468 156 2536 ad
171 2467 263 2536 Flor.
285 2468 345 2538 111.
371 2472 419 2539 15.
441 2491 478 2558 p.
494 2471 567 2539 562.
591 2485 626 2535 et
648 2465 811 2550 Oudend.
833 2464 876 2534 ad
898 2465 935 2542 h.
956 2464 981 2535 l.

120 2593 123 2600 '
159 2575 310 2666 Capite,
346 2576 370 2643 i.
393 2599 422 2642 e.
454 2591 563 2666 parte.
596 2575 667 2642 Cic.
690 2569 734 2639 ad
763 2575 837 2642 niv.
867 2569 926 2640 111.
948 2567 980 2642 ’8.
1009 2573 1138 2662 primo

111 2683 181 2750 duo
207 2682 331 2769 capita
362 2683 533 2768 epistolae
559 2695 654 2750 tuoe.
685 2682 748 2748 ubi
771 2707 802 2750 v.
836 2681 958 2749 Graev.
988 2676 1136 2750 ¹Suetou..
1211 2737 1213 2742 .

111 2784 232 2859 Claud.
267 2792 299 2858 5.
330 2789 455 2874 capita
483 2811 526 2854 es·
560 2789 675 2875 ipsius
703 2789 991 2877 epistolis'posui
1003 2836 1015 2873 ‚
1049 2789 1073 2854 i.
1105 2789 1138 2855 e.

108 2911 222 2986 partes
248 2883 436 2982 excerptas}
478 2892 569 2958 Hinc
591 2891 720 2958 factum
742 2909 809 2976 cst,
836 2913 878 2962 ut·
904 2889 1054 2964 minores
1083 2892 1135 2960 li·
1240 2987 1241 2990 Ἴ

107 3003 249 3066 brorum
270 3000 458 3080 sectiones,
482 3021 568 3087 quae
581 2995 751 3066 veteribus
765 3021 835 3068 non
853 3004 993 3071 usitatae
1012 2995 1136 3088 erant,¹
1162 3055 1165 3060 .

66 3093 68 3102 ¹
110 3099 235 3188 capita
257 3101 464 3171 dicerentur.
640 3093 643 3100 ¹
902 3127 905 3136 ⁴
989 3149 993 3162 ‚

151 3210 251 3296 Lege
281 3212 317 3275 in
349 3237 409 3277 aes
443 3211 571 3276 inciso.
629 3208 701 3276 Lex
730 3207 880 3299 perlata,
903 3205 964 3282 'vel
1003 3215 1134 3308 populo

107 3311 277 3404 probata,
302 3315 406 3380 aereis
425 3314 545 3382 tabuiis
569 3313 809 3402 incidebatur,
832 3334 866 3382 et
878 3318 922 3384 ad
944 3323 1133 3406 aerarium,

108 3419 202 3510 quod
224 3421 261 3487 in
285 3421 426 3488 Saturni·
449 3437 483 3486 et
509 3422 596 3511 Opis
625 3421 753 3512 templo'
779 3439 869 3505 erat,
899 3422 1132 3496 deferebatur.
1177 3417 1178 3420 ¹

105 3553 136 3598 v.
153 3530 225 3596 Cic.
245 3527 333 3596 Phil.
350 3529 377 3596 Ι.
402 3551 451 3594 10.
476 3527 549 3592 Liv.
566 3529 609 3594 Π.
625 3531 677 3607 55.
693 3543 728 3595 et
739 3529 874 3594 Manat.
889 3525 932 3593 dc
946 3526 1131 3615 [regib-58.

115 3645 118 3652 '
146 3635 409 3724 Privilegium,
435 3631 562 3699 dicitur
591 3633 668 3718 leti,
700 3629 785 3724 quae
815 3631 859 3698 ad
880 3631 1029 3722 prinde,
1053 3639 1077 3704 i.
1100 3637 1131 3706 e.

103 3740 250 3826 singulos
267 3729 421 3810 homines
436 3725 602 3829 pei-tinet.
645 3741 862 3836 Privilcgium
884 3738 942 3806 vet
959 3741 997 3807 in
1017 3743 1132 3809 bene-

106 3846 241 3929 ficium,
271 3848 328 3917 vel
357 3848 395 3913 iu
417 3859 562 3938 poenam
585 3850 725 3917 alicuius
740 3871 744 3880 ’
760 3849 943 3916 ferebatur.
975 3873 1007 3917 v.
1039 3845 1132 3917 Getl.

105 3949 148 4016 X.
172 3973 221 4018 20.
268 3952 393 4024 Prinas
414 3957 548 4044 generis
581 3972 632 4026 est
658 3953 875 4045 privilegium
898 3956 1032 4028 Caesari
1064 3953 1130 4022 da·-

113 4071 117 4076 '
662 4063 692 4127 D
1062 4078 1133 4134 tum
