2814 4512
363 314 365 326 ·
472 225 876 356 caesones.
1128 271 1220 353 255·

78 503 86 524 .
192 460 383 540 Iunoxiuo,
405 454 511 522 activo
529 451 660 522 dicitur
678 478 744 545 pro
765 454 854 526 nihil
874 449 1014 530 nocensss
1036 428 1189 532 Pbaedr.

58 655 66 678 ⁶
147 575 192 644 ΙΙ.
215 595 243 638 ι.
267 569 299 636 4.
332 565 498 634 innoxius
525 565 660 634 Viator
686 577 743 635 eat
772 566 960 634 deductus
978 569 1016 634 in
1038 571 1192 638 eundem

145 681 271 750 locum.
294 673 356 744 ubi
375 693 408 738 v.
421 671 515 739 'Intt.
534 674 539 679 ’

188 783 270 852 Diu
288 776 449 846 vexanti.
476 775 571 844 Bene
590 778 777 848 emendant
796 779 862 849 viri
881 777 976 848 docti
995 775 1191 852 divertenti.
1294 773 1295 778 ἵ

145 893 227 964 Ner.
247 891 435 975 blwueque
452 886 492 956 in
512 886 711 958 diuexanda
730 903 847 960 matre
873 885 1068 983 quicquam
1081 895 1192 980 penti

144 1002 285 1072 habuit.
838 979 842 994 ’
1160 996 1165 1028 ”

187 1104 467 1189 Deuotionibus,
485 1105 510 1173 i.
532 1126 561 1171 e.
579 1101 788 1172 carminibus
810 1104 967 1192 magicis,
985 1107 1110 1198 quibus
1126 1131 1189 1176 ca·

143 1232 210 1306 put
242 1213 440 1282 Germanici
469 1212 540 1280 Diis
574 1210 697 1278 inferis
728 1209 822 1280 velut
851 1215 1127 1284 consecrabatur.
1156 1241 1190 1288 v.
1271 1267 1286 1282 -.

144 1325 257 1390 Tacit.
280 1323 377 1388 Anu.
398 1321 442 1389 Π.
465 1324 518 1410 69.
564 1322 675 1409 Saepe
701 1343 789 1390 vero
806 1321 987 1409 veneficio
1014 1337 1049 1387 et
1081 1308 1189 1390 dero-
1244 1354 1245 1363 ¹

139 1436 256 1502 tiones
277 1431 559 1514 coniunguntur,
581 1425 677 1522 quod
700 1430 761 1520 qui
791 1429 942 1494 earmina
962 1452 1001 1496 ac
1028 1425 1188 1498 devotio·

141 1564 203 1608 nes
226 1536 460 1619 adhibebant,
491 1533 546 1604 his
573 1535 647 1604 sere
670 1558 843 1604 venenum
861 1532 992 1606 addere
1019 1533 1189 1604 solebant.

139 1671 171 1721 v.
192 1647 321 1718 Duker.
346 1642 389 1711 ad
412 1644 487 1714 Liv.
512 1643 610 1736 Epic.
626 1645 721 1716 VIII.
922 1645 925 1650 ’
1199 1721 1202 1728 ,

180 1758 284 1822 More
311 1753 501 1820 maiorum.
531 1753 623 1819 Mos
650 1767 724 1818 erat
744 1747 838 1840 apud
869 1751 1061 1836 Romanos,
1094 1767 1186 1843 quo·-

137 1863 200 1933 ties
221 1860 369 1928 amicitia
386 1857 628 1942 dirimeretur,
654 1857 866 1928 sollemniter
881 1885 955 1929 eam
973 1861 1185 1928 renuntiare·

137 1993 169 2041 v.
194 1968 311 2035 Tacit.
330 1965 426 2034 Anu.
446 1965 489 2032 ΙΙ.
508 1990 562 2053 70.
586 1981 621 2030 et
639 1965 691 2031 ibi
715 1967 812 2054 Lips.
837 1965 922 2034 Exo.
946 1970 987 2037 L.

180 2075 399 2148 Maadoret.
434 2072 580 2160 Proprie
609 2069 698 2136 dicit
718 2093 785 2159 pro
809 2070 956 2144 iuberet.
1000 2077 1063 2143 Est
1090 2075 1187 2144 culm

133 2183 319 2278 proprium
332 2178 476 2246 verbum
496 2177 539 2245 de
563 2178 809 2260 morientibus,
834 2201 912 2246 cum
932 2177 1082 2265 dicunt‚'
1098 2178 1185 2270 quid

135 2310 217 2395 post
243 2305 390 2357 mortem
413 2285 490 2359 fieri
517 2285 635 2355 velint.
659 2310 691 2356 v.
713 2283 987 2388 B1·issou.clcV·
1010 2286 1047 2353 S.

187 2397 224 2474 4,
270 2399 452 2470 Fructum
480 2394 584 2475 tulit,
606 2394 630 2461 i.
654 2417 685 2460 e.
716 2394 906 2482 praemium
928 2393 1035 2483 cepit.
1068 2395 1185 2485 Nepos

137 2497 245 2566 Altis.
260 2501 292 2567 5.
309 2496 467 2585 pietatis
477 2491 651 2582 fructum
669 2496 766 2563 tutte.
809 2497 993 2564 Fructum
1008 2497 1184 2586 percipe·-

140 2631 178 2679 τε
194 2623 246 2674 cst
269 2605 355 2690 Aug.
379 2603 431 2672 28·
1168 2623 1172 2630 '

181 2712 435 2794 reseratius,
458 2710 482 2778 i.
506 2735 537 2779 e.
562 2711 618 2780 cui
636 2708 782 2783 favetur.
805 2711 889 2780 Ner.
912 2713 967 2800 57.
980 2709 1188 2800 favorabile

139 2847 263 2896 uoueeu
290 2823 369 2888 eius
399 2819 502 2907 apud
529 2823 686 2890 Parthos
708 2819 806 2908 fuit.
838 2815 929 2889 Vell.
960 2821 1031 2887 Pat.
1058 2819 1103 2891 II·
1130 2807 1186 2890 54.

130 2931 370 3021 fauorabilem
378 2926 478 3016 secit
498 2928 724 3012 triumphum
744 2929 882 2997 invidie
904 2927 1071 2998 ulterius.

181 3037 488 3117 Pronuntiatum,
510 3035 534 3099 i.
564 3057 595 3103 e.
618 3035 760 3122 publice
785 3031 1000 3104 mandarum.
1023 3034 1106 3106 Tibe
1130 3036 1187 3108 58·
1258 3019 1266 3042 Ι

138 3145 299 3237 quamvis
319 3166 426 3230 saepe
435 3144 725 3231 pronuntiasset.

178 3249 371 3342 ,diffudisse
391 3275 441 3317 oe.
464 3252 540 3320 Liv.
565 3250 763 3321 XXXVIII.
787 3252 819 3319 6.

188 3361 222 3434 5,
245 3359 435 3446 Lupiclotu
456 3373 538 3422 suut
557 3353 705 3452 templa,
729 3356 826 3446 quasi
842 3355 1069 3426 Germanicus
1088 3355 1185 3423 Deo·

79 3493 82 3500 ¹
135 3481 214 3528 rum
237 3458 338 3550 culpa
360 3459 528 3553 periisset.
550 3480 582 3525 v.
604 3457 690 3527 Intt.
714 3454 757 3522 ad
778 3455 815 3523 h.
836 3455 861 3528 l.
905 3457 1097 3560 Lapidem
1117 3480 1184 3526 ve-

136 3582 225 3636 teres
256 3565 379 3638 dicunt
408 3588 475 3656 pro
504 3563 680 3656 lapidibus
710 3565 845 3656 pluere.
895 3563 1050 3633 Suetonii
1073 3581 1184 3633 aetate

135 3671 208 3740 dici
230 3676 344 3770 coepit
364 3697 430 3766 pro
451 3672 628 3767 lapidibus
652 3675 815 3743 obrucre.
841 3696 873 3742 v.
898 3671 1042 3743 Flor.1.
1070 3693 1124 3741 22.
1152 3693 1185 3740 2.

135 3797 171 3850 et
192 3781 246 3848 ibi
269 3779 397 3848 Duker.
726 3803 728 3808 ’

178 3889 296 3961 Lares
314 3886 551 3980 familiares,
581 3910 662 3962 suut
683 3915 801 3969 manes
825 3890 1013 3977 maiorum,
1037 3911 1184 3982 quorum
1256 3900 1258 3905 ’

1092 4022 1181 4072 lma-
