2782 4526
184 287 190 297 '
249 303 291 370 m
576 249 989 365 'cussus

250 487 296 553 Il
320 503 352 550 2.
375 481 425 550 24.
468 477 536 546 Pro
566 502 651 549 sano
679 477 847 568 loqueris.
876 497 907 544 v.
929 471 1103 542 Drakenb.
1137 474 1181 543 sd
1203 479 1282 620 Liri

252 592 312 661 VI.
335 589 387 657 41.
458 637 463 648 .

291 696 356 762 Ius
385 695 607 762 annuerem.
649 693 745 760 Inter
771 689 926 780 equitum
949 687 1094 776 insignis
1116 691 1278 760 reseren-

249 799 366 866 dum
355 821 407 865 rus
427 794 546 864 annuli
573 797 688 880 aurei,
717 796 800 885 ipsis
825 818 1002 862 commuue
1025 818 1104 862 oum
1129 797 1278 866 Senato-

248 904 368 984 ribus,
401 923 485 993 quos
511 903 579 968 iam
611 900 856 990 antiquissimis
888 902 1098 988 temporibus
1132 903 1199 972 hoo
1214 907 1280 972 ius

247 1007 407 1075 babuisse
427 1007 551 1074 scribit
573 1003 664 1072 Pliu.
689 1005 734 1071 Η.
756 1007 798 1072 N.
821 1007 984 1073 XXXIII.
1010 1029 1038 1072 1.
1081 1006 1177 1075 Idem
1200 1033 1281 1078 cum

247 1115 423 1207 equi-tibus
450 1131 529 1182 ente
563 1108 693 1180 bellum
721 1111 889 1180 Punieum
918 1115 962 1181 ll.
995 1115 1281 1182 communitatum

248 1243 339 1302 esse,
362 1217 564 1306 intelligitur
585 1242 625 1284 ex
642 1217 740 1285 Livio
757 1215 885 1285 XXIII.
902 1239 952 1287 ι2.
985 1218 1075 1285 Hine
1096 1221 1156 1310 qui
1176 1239 1279 1310 post-

228 1349 288 1392 ea
306 1323 434 1392 annulo
458 1349 559 1393 aureo
575 1326 816 1409 donabantur,
842 1326 882 1390 in
904 1323 1061 1394 ordinem
1083 1343 1280 1416 equestrem

247 1431 620 1500 allectilmbebuntur.
654 1456 687 1500 v.
710 1433 850 1498 Sueten.
881 1427 984 1497 Galb.
1004 1431 1052 1498 ι4.
1082 1429 1198 1501 Vitell.
1224 1455 1277 1500 12.

248 1538 360 1604 'Facie
379 1537 422 1603 H.
436 1538 481 1603 II.
495 1539 547 1624 57.
571 1552 606 1602 et
622 1537 737 1622 Sigon.
760 1533 805 1602 de
827 1535 982 1602 ant..iur.
997 1535 1061 1604 oiv.
1074 1537 1171 1605 Rom.
1185 1537 1281 1606 11.5.

208 1631 214 1642 ’
278 1645 596 1727 -Εαιιιιιᾶίιιιιίίέ,
627 1645 651 1710 i.
675 1667 705 1711 e.
729 1643 873 1731 sparsit,
904 1640 1159 1712 disseminavit:
1185 1643 1281 1734 quod

245 1751 321 1818 sere
340 1751 379 1816 iu
402 1749 523 1816 mulam
541 1769 675 1842 partem
697 1751 838 1818 dieitur.
878 1749 997 1815 Fama
1016 1748 1280 1818 hionomiuati-

248 1881 309 1924 vus
347 1873 421 1941 est,
453 1873 492 1922 ut
523 1856 615 1948 apud
647 1857 813 1924 Senecam
847 1855 988 1946 Hippol.
1017 1857 1090 1946 789.
1146 1856 1282 1924 Omnes

227 2017 231 2050 ἱ
241 1986 314 2051 per·
326 1965 481 2050 populos
494 1961 627 2050 fabule
647 1962 802 2027 distulit.
846 1957 916 2026 Sed
941 1975 1035 2027 reete
1052 1985 1191 2052 quoque
1213 1988 1282 2052 per

247 2069 433 2140 ablativum
443 2063 685 2155 diciturfitme
699 2068 740 2133 di
769 2090 867 2149 erre,
877 2067 1017 2158 utepud
1029 2071 1103 2138 Liv.
1114 2071 1279 2142 XXXIV.

160 2236 162 2242 .
245 2179 299 2266 49.
324 2177 388 2265 qui
409 2175 756 2241 mole-oommieeem
781 2169 1146 2263 libertatemxpopudr·
1169 2177 1278 2245 Rom.

176 2341 181 2352 .
245 2279 472 2352 senensibus.
486 2282 705 2350 distulerint.
724 2302 756 2347 r.
770 2278 886 2342 Burm.
911 2292 946 2350 et
964 2281 1126 2350 Oudend.
1141 2283 1232 2351 adh.
1252 2284 1280 2354 I.

293 2391 354 2465 34,
387 2388 463 2454 «Sic
484 2407 522 2449 se
541 2385 682 2450 debent.
725 2382 864 2446 Poterat
884 2380 984 2448 etiam
1002 2387 1074 2454 sine
1088 2393 1279 2478 pronomi-

246 2513 290 2560 na
315 2486 460 2556 dixisses
494 2485 547 2548 sie
572 2481 715 2547 liabent.
741 2479 884 2546 Terent.
904 2479 1065 2576 Adelph..
1088 2491 1204 2560 ΙΠ.·5.
1225 2515 1280 2559 ιο.

246 2616 384 2666 omnem
403 2610 479 2654 rem
500 2586 602 2650 modu
618 2589 720 2666 seni,
749 2587 826 2668 Quo
843 2603 955 2674 poeto
976 2589 1141 2676 liaberet,
1162 2617 1278 2664 enor-

113 2729 117 2742 .
247 2720 382 2772 mmm,
404 2717 437 2762 v.
460 2687 634 2758 Drakenb.
656 2686 700 2757 ad
722 2691 796 2762 biv.
818 2693 930 2762 XXII.
949 2700 1000 2786 59.

291 2807 337 2872 In
359 2801 578 2868 deditionem
604 2793 760 2864 redeeto.
814 2801 925 2868 Urbes
956 2795 1129 2888 obsessae,
1155 2807 1278 2896 inpri-

247 2913 381 3000 misque
398 2902 577 2983 homines,
600 2901 660 2991 qui
680 2902 859 2976 obsidione
879 2907 922 2974 ad
944 2906 1156 2978 deditionem
1174 2935 1280 2994 eome-¹

247 3011 446 3106 pelluntur,
473 3005 616 3096 proprie
639 3005 803 3080 mouetur
824 3015 966 3102 redigi,
987 3017 1109 3104 accipi
1120 3065 1130 3102 ,
1151 3022 1278 3088 venire

249 3125 289 3188 in
321 3117 550 3186 deditionem·
583 3111 651 3178 Inf-
669 3116 722 3201 74.
764 3121 919 3188 Piratae
940 3147 1023 3189 ettm
1049 3127 1087 3192 ie
1115 3126 1278 3194 deditio.-

127 3286 131 3296 .
248 3249 329 3298 nem
351 3222 562 3308 redegisset.
585 3218 706 3286 Caesar
735 3222 779 3293 (le
809 3228 846 3292 B.
873 3227 918 3294 G.
945 3231 1003 3298 VI.
1036 3253 1067 3318 9.
1101 3233 1164 3318 qui
1190 3245 1279 3303 ante
1324 3288 1325 3291 ,

248 3327 388 3404 obsides
414 3323 612 3406 dederont,
644 3339 752 3416 atque
779 3331 817 3396 in
843 3332 1058 3406 deditionem
1088 3353 1276 3406 venerant.

250 3458 281 3504 v.
306 3429 469 3500 Oudend.
492 3429 593 3497 adh.
617 3429 641 3498 l.

296 3536 638 3625 Trenffretoturi,'
628 3559 652 3602 1.
671 3559 701 3603 e.
726 3552 817 3604 treus
832 3539 988 3610 fretum
978 3550 1084 3634 rturi,
1106 3551 1278 3616 treiectu-

247 3649 292 3716 ri.
337 3644 398 3712 Est
424 3642 567 3712 verbum
595 3642 710 3706 aetatis
735 3661 920 3728 argenteae.
953 3651 1041 3721 Pliu.
1069 3658 1198 3744 Paneg.
1221 3660 1279 3728 81.

246 3748 489 3838 traesffetare
515 3751 696 3819 obstantia
704 3745 823 3834 freto.
846 3751 908 3818 ubi
929 3778 960 3822 v.
983 3758 1104 3833 Swarz,
1136 3817 1139 3825 ,
1229 3799 1233 3826 .

291 3859 435 3937 Mores,
459 3853 482 3920 i.
504 3878 534 3922 e.
557 3852 814 3946 impedimenta.
839 3855 900 3926 Sil.
923 3859 997 3932 Ital.
1018 3869 1111 3938 VIII·
1136 3873 1187 3941 55.
1212 3895 1276 3936 so..

1241 3979 1283 4046 te
