<?xml version="1.0" encoding="UTF-8"?>
<!DOCTYPE html PUBLIC "-//W3C//DTD XHTML 1.0 Transitional//EN"
    "http://www.w3.org/TR/xhtml1/DTD/xhtml1-transitional.dtd">
<html xmlns="http://www.w3.org/1999/xhtml" xml:lang="en" lang="en">
 <head>
  <title>
</title>
<meta http-equiv="Content-Type" content="text/html;charset=utf-8" />
  <meta name='ocr-system' content='tesseract 3.04.00' />
  <meta name='ocr-capabilities' content='ocr_page ocr_carea ocr_par ocr_line ocrx_word'/>
</head>
<body>
  <div class='ocr_page' id='page_1' title='image "./davruhnkeniussc00geelgoog_0269.png"; bbox 0 0 2814 4512; ppageno 0'>
   <div class='ocr_carea' id='block_1_1' title="bbox 231 231 960 312">
    <p class='ocr_par' dir='ltr' id='par_1_1' title="bbox 231 231 960 312">
     <span class='ocr_line' id='line_1_1' title="bbox 231 231 960 312; baseline -0.012 -2"><span class='ocrx_word' id='word_1_1' title='bbox 231 239 293 312; x_wconf 64' lang='lat' dir='ltr'><strong>us</strong></span> <span class='ocrx_word' id='word_1_2' title='bbox 552 231 960 312; x_wconf 51' lang='lat' dir='ltr'><strong>CALIGULe</strong></span> 
     </span>
    </p>
   </div>
   <div class='ocr_carea' id='block_1_2' title="bbox 126 404 1351 2122">
    <p class='ocr_par' dir='ltr' id='par_1_2' title="bbox 230 404 1329 609">
     <span class='ocr_line' id='line_1_2' title="bbox 231 404 1329 514; baseline 0.015 -30"><span class='ocrx_word' id='word_1_3' title='bbox 231 417 395 504; x_wconf 74' lang='lat' dir='ltr'>imagines</span> <span class='ocrx_word' id='word_1_4' title='bbox 427 416 471 484; x_wconf 88' lang='lat' dir='ltr'><strong>ad</strong></span> <span class='ocrx_word' id='word_1_5' title='bbox 489 404 615 489; x_wconf 78' lang='lat' dir='ltr'><strong>¹i&#39;ooum</strong></span> <span class='ocrx_word' id='word_1_6' title='bbox 642 425 681 492; x_wconf 86' lang='lat' dir='ltr'><strong>in</strong></span> <span class='ocrx_word' id='word_1_7' title='bbox 703 427 791 494; x_wconf 87' lang='lat' dir='ltr'><strong>atrio</strong></span> <span class='ocrx_word' id='word_1_8' title='bbox 814 429 962 498; x_wconf 82' lang='lat' dir='ltr'><strong>stabant.</strong></span> <span class='ocrx_word' id='word_1_9' title='bbox 986 445 1018 494; x_wconf 83' lang='lat' dir='ltr'><strong>v.</strong></span> <span class='ocrx_word' id='word_1_10' title='bbox 1042 419 1164 514; x_wconf 78' lang='lat' dir='ltr'><strong>virgil.</strong></span> <span class='ocrx_word' id='word_1_11' title='bbox 1185 427 1277 500; x_wconf 75' lang='lat' dir='ltr'><strong>Aen.</strong></span> <span class='ocrx_word' id='word_1_12' title='bbox 1323 497 1329 514; x_wconf 70' lang='lat'><strong>.</strong></span> 
     </span>
     <span class='ocr_line' id='line_1_3' title="bbox 230 524 1055 609; baseline 0.006 -17"><span class='ocrx_word' id='word_1_13' title='bbox 230 524 293 600; x_wconf 89' lang='lat' dir='ltr'><strong>IX.</strong></span> <span class='ocrx_word' id='word_1_14' title='bbox 315 527 388 602; x_wconf 82' lang='lat'><strong>255.</strong></span> <span class='ocrx_word' id='word_1_15' title='bbox 411 541 446 603; x_wconf 83' lang='lat' dir='ltr'><strong>et</strong></span> <span class='ocrx_word' id='word_1_16' title='bbox 466 524 604 602; x_wconf 86' lang='lat' dir='ltr'><strong>Ernest.</strong></span> <span class='ocrx_word' id='word_1_17' title='bbox 627 526 722 600; x_wconf 84' lang='lat' dir='ltr'><strong>Clav.</strong></span> <span class='ocrx_word' id='word_1_18' title='bbox 746 534 830 609; x_wconf 79' lang='lat' dir='ltr'><strong>Cic..</strong></span> <span class='ocrx_word' id='word_1_19' title='bbox 844 558 876 604; x_wconf 84' lang='lat' dir='ltr'><strong>v.</strong></span> <span class='ocrx_word' id='word_1_20' title='bbox 899 533 1055 605; x_wconf 76' lang='lat' dir='ltr'><strong>Penates.</strong></span> 
     </span>
    </p>

    <p class='ocr_par' dir='ltr' id='par_1_3' title="bbox 193 635 1351 1040">
     <span class='ocr_line' id='line_1_4' title="bbox 271 635 1351 730; baseline 0.013 -30"><span class='ocrx_word' id='word_1_21' title='bbox 271 635 414 700; x_wconf 83' lang='lat' dir='ltr'><strong>Partus</strong></span> <span class='ocrx_word' id='word_1_22' title='bbox 445 636 640 724; x_wconf 81' lang='lat' dir='ltr'><strong>coniugum</strong></span> <span class='ocrx_word' id='word_1_23' title='bbox 664 641 831 725; x_wconf 80' lang='lat' dir='ltr'><strong>expositi.</strong></span> <span class='ocrx_word' id='word_1_24' title='bbox 878 639 987 730; x_wconf 84' lang='lat' dir='ltr'><strong>Quasi</strong></span> <span class='ocrx_word' id='word_1_25' title='bbox 1014 657 1159 730; x_wconf 84' lang='lat' dir='ltr'><strong>propter</strong></span> <span class='ocrx_word' id='word_1_26' title='bbox 1178 657 1274 713; x_wconf 77' lang='lat' dir='ltr'><strong>tem·</strong></span> <span class='ocrx_word' id='word_1_27' title='bbox 1342 653 1351 670; x_wconf 83' lang='lat'>¹</span> 
     </span>
     <span class='ocr_line' id='line_1_5' title="bbox 228 736 1276 836; baseline 0.008 -32"><span class='ocrx_word' id='word_1_28' title='bbox 228 761 354 836; x_wconf 85' lang='lat' dir='ltr'><strong>porum</strong></span> <span class='ocrx_word' id='word_1_29' title='bbox 378 736 552 806; x_wconf 87' lang='lat' dir='ltr'><strong>diritatem</strong></span> <span class='ocrx_word' id='word_1_30' title='bbox 574 741 619 808; x_wconf 84' lang='lat' dir='ltr'><strong>ali</strong></span> <span class='ocrx_word' id='word_1_31' title='bbox 640 766 712 810; x_wconf 91' lang='lat' dir='ltr'><strong>non</strong></span> <span class='ocrx_word' id='word_1_32' title='bbox 738 763 893 834; x_wconf 85' lang='lat' dir='ltr'><strong>possent.</strong></span> <span class='ocrx_word' id='word_1_33' title='bbox 937 749 1065 820; x_wconf 85' lang='lat' dir='ltr'><strong>Contra</strong></span> <span class='ocrx_word' id='word_1_34' title='bbox 1083 746 1188 812; x_wconf 81' lang='lat' dir='ltr'><strong>rebus</strong></span> <span class='ocrx_word' id='word_1_35' title='bbox 1204 747 1276 812; x_wconf 92' lang='lat' dir='ltr'><strong>lae·</strong></span> 
     </span>
     <span class='ocr_line' id='line_1_6' title="bbox 193 844 1270 942; baseline 0.006 -31"><span class='ocrx_word' id='word_1_36' title='bbox 193 887 194 892; x_wconf 21' lang='grc' dir='ltr'><strong>κ</strong></span> <span class='ocrx_word' id='word_1_37' title='bbox 229 849 276 924; x_wconf 80' lang='lat' dir='ltr'><strong>tis</strong></span> <span class='ocrx_word' id='word_1_38' title='bbox 289 844 416 914; x_wconf 88' lang='lat' dir='ltr'><strong>liberos</strong></span> <span class='ocrx_word' id='word_1_39' title='bbox 436 844 555 914; x_wconf 91' lang='lat' dir='ltr'><strong>tollere</strong></span> <span class='ocrx_word' id='word_1_40' title='bbox 577 851 775 942; x_wconf 88' lang='lat' dir='ltr'><strong>cupiebant.</strong></span> <span class='ocrx_word' id='word_1_41' title='bbox 797 878 829 924; x_wconf 87' lang='lat' dir='ltr'><strong>v.</strong></span> <span class='ocrx_word' id='word_1_42' title='bbox 852 855 1020 924; x_wconf 83' lang='lat' dir='ltr'><strong>Senecam</strong></span> <span class='ocrx_word' id='word_1_43' title='bbox 1043 851 1087 920; x_wconf 91' lang='lat' dir='ltr'><strong>de</strong></span> <span class='ocrx_word' id='word_1_44' title='bbox 1109 851 1218 924; x_wconf 88' lang='lat' dir='ltr'><strong>Clem.</strong></span> <span class='ocrx_word' id='word_1_45' title='bbox 1241 855 1270 926; x_wconf 90' lang='lat' dir='ltr'><strong>I.</strong></span> 
     </span>
     <span class='ocr_line' id='line_1_7' title="bbox 231 951 1025 1040; baseline 0.008 -19"><span class='ocrx_word' id='word_1_46' title='bbox 231 956 284 1024; x_wconf 81' lang='lat'><strong>13.</strong></span> <span class='ocrx_word' id='word_1_47' title='bbox 306 954 394 1022; x_wconf 91' lang='lat' dir='ltr'><strong>Plin.</strong></span> <span class='ocrx_word' id='word_1_48' title='bbox 414 953 538 1040; x_wconf 84' lang='lat' dir='ltr'><strong>Paneg.</strong></span> <span class='ocrx_word' id='word_1_49' title='bbox 561 960 613 1026; x_wconf 85' lang='lat'><strong>26.</strong></span> <span class='ocrx_word' id='word_1_50' title='bbox 639 975 674 1024; x_wconf 93' lang='lat' dir='ltr'><strong>et</strong></span> <span class='ocrx_word' id='word_1_51' title='bbox 693 961 778 1026; x_wconf 91' lang='lat' dir='ltr'><strong>Intt.</strong></span> <span class='ocrx_word' id='word_1_52' title='bbox 803 957 904 1027; x_wconf 81' lang='lat' dir='ltr'><strong>adh.</strong></span> <span class='ocrx_word' id='word_1_53' title='bbox 931 957 958 1027; x_wconf 91' lang='lat' dir='ltr'><strong>l.</strong></span> <span class='ocrx_word' id='word_1_54' title='bbox 1023 951 1025 958; x_wconf 43' lang='lat'><strong>¹</strong></span> 
     </span>
    </p>

    <p class='ocr_par' dir='ltr' id='par_1_4' title="bbox 226 1061 1272 1351">
     <span class='ocr_line' id='line_1_8' title="bbox 276 1061 1272 1151; baseline 0.004 -21"><span class='ocrx_word' id='word_1_55' title='bbox 276 1061 411 1151; x_wconf 83' lang='lat' dir='ltr'><strong>Capita</strong></span> <span class='ocrx_word' id='word_1_56' title='bbox 429 1065 575 1132; x_wconf 82' lang='lat' dir='ltr'><strong>rasisse.</strong></span> <span class='ocrx_word' id='word_1_57' title='bbox 620 1067 662 1132; x_wconf 80' lang='lat' dir='ltr'><strong>in</strong></span> <span class='ocrx_word' id='word_1_58' title='bbox 678 1064 774 1135; x_wconf 88' lang='lat' dir='ltr'><strong>luctu</strong></span> <span class='ocrx_word' id='word_1_59' title='bbox 794 1065 872 1136; x_wconf 87' lang='lat' dir='ltr'><strong>radi</strong></span> <span class='ocrx_word' id='word_1_60' title='bbox 891 1083 927 1135; x_wconf 92' lang='lat' dir='ltr'><strong>et</strong></span> <span class='ocrx_word' id='word_1_61' title='bbox 949 1063 1086 1136; x_wconf 87' lang='lat' dir='ltr'><strong>tonderi</strong></span> <span class='ocrx_word' id='word_1_62' title='bbox 1106 1064 1272 1136; x_wconf 87' lang='lat' dir='ltr'><strong>sollemne</strong></span> 
     </span>
     <span class='ocr_line' id='line_1_9' title="bbox 226 1166 1269 1266; baseline 0.004 -30"><span class='ocrx_word' id='word_1_63' title='bbox 226 1185 302 1236; x_wconf 88' lang='lat' dir='ltr'><strong>erat</strong></span> <span class='ocrx_word' id='word_1_64' title='bbox 326 1166 420 1262; x_wconf 84' lang='lat' dir='ltr'><strong>apud</strong></span> <span class='ocrx_word' id='word_1_65' title='bbox 448 1171 602 1241; x_wconf 87' lang='lat' dir='ltr'><strong>Orientis</strong></span> <span class='ocrx_word' id='word_1_66' title='bbox 627 1172 1107 1266; x_wconf 71' lang='lat' dir='ltr'><strong>populos.V.P1·opert.111.</strong></span> <span class='ocrx_word' id='word_1_67' title='bbox 1137 1196 1188 1242; x_wconf 98' lang='grc' dir='ltr'><strong>ιι.</strong></span> <span class='ocrx_word' id='word_1_68' title='bbox 1217 1171 1269 1248; x_wconf 71' lang='grc' dir='ltr'><strong>ιδ.</strong></span> 
     </span>
     <span class='ocr_line' id='line_1_10' title="bbox 228 1272 539 1351; baseline 0.013 -11"><span class='ocrx_word' id='word_1_69' title='bbox 228 1290 262 1341; x_wconf 89' lang='lat' dir='ltr'><strong>et</strong></span> <span class='ocrx_word' id='word_1_70' title='bbox 279 1274 330 1341; x_wconf 88' lang='lat' dir='ltr'><strong>ibi</strong></span> <span class='ocrx_word' id='word_1_71' title='bbox 347 1272 539 1351; x_wconf 80' lang='lat' dir='ltr'><strong>Broulrhus.</strong></span> 
     </span>
    </p>

    <p class='ocr_par' dir='ltr' id='par_1_5' title="bbox 126 1386 1272 2122">
     <span class='ocr_line' id='line_1_11' title="bbox 269 1386 1050 1477; baseline 0 -25"><span class='ocrx_word' id='word_1_72' title='bbox 269 1386 417 1472; x_wconf 82' lang='lat' dir='ltr'><strong>Regum</strong></span> <span class='ocrx_word' id='word_1_73' title='bbox 437 1408 579 1474; x_wconf 82' lang='lat' dir='ltr'><strong>regem,</strong></span> <span class='ocrx_word' id='word_1_74' title='bbox 600 1387 623 1462; x_wconf 83' lang='lat' dir='ltr'><strong>i.</strong></span> <span class='ocrx_word' id='word_1_75' title='bbox 648 1410 679 1458; x_wconf 90' lang='lat' dir='ltr'><strong>e.</strong></span> <span class='ocrx_word' id='word_1_76' title='bbox 703 1413 818 1477; x_wconf 82' lang='lat' dir='ltr'><strong>regem</strong></span> <span class='ocrx_word' id='word_1_77' title='bbox 835 1386 1050 1460; x_wconf 85' lang='lat' dir='ltr'><strong>Parthorum.</strong></span> 
     </span>
     <span class='ocr_line' id='line_1_12' title="bbox 217 1488 1269 1594; baseline -0.007 -32"><span class='ocrx_word' id='word_1_78' title='bbox 217 1585 220 1594; x_wconf 23' lang='lat'><strong><em>‘</em></strong></span> <span class='ocrx_word' id='word_1_79' title='bbox 269 1494 542 1578; x_wconf 82' lang='lat' dir='ltr'><strong>Exercitatione</strong></span> <span class='ocrx_word' id='word_1_80' title='bbox 562 1497 731 1565; x_wconf 83' lang='lat' dir='ltr'><strong>venandi.</strong></span> <span class='ocrx_word' id='word_1_81' title='bbox 755 1498 854 1587; x_wconf 86' lang='lat' dir='ltr'><strong>Quae</strong></span> <span class='ocrx_word' id='word_1_82' title='bbox 873 1492 1098 1583; x_wconf 84' lang='lat' dir='ltr'><strong>praecipuum</strong></span> <span class='ocrx_word' id='word_1_83' title='bbox 1116 1488 1269 1570; x_wconf 82' lang='lat' dir='ltr'><strong>studium</strong></span> 
     </span>
     <span class='ocr_line' id='line_1_13' title="bbox 126 1599 1267 1694; baseline 0.006 -29"><span class='ocrx_word' id='word_1_84' title='bbox 126 1611 130 1622; x_wconf 85' lang='grc'><strong>“</strong></span> <span class='ocrx_word' id='word_1_85' title='bbox 227 1616 301 1666; x_wconf 89' lang='lat' dir='ltr'><strong>erat</strong></span> <span class='ocrx_word' id='word_1_86' title='bbox 326 1601 438 1686; x_wconf 82' lang='lat' dir='ltr'><strong>regis,</strong></span> <span class='ocrx_word' id='word_1_87' title='bbox 466 1617 501 1667; x_wconf 82' lang='lat' dir='ltr'><strong>et</strong></span> <span class='ocrx_word' id='word_1_88' title='bbox 521 1623 716 1694; x_wconf 71' lang='lat' dir='ltr'><strong>procerum.</strong></span> <span class='ocrx_word' id='word_1_89' title='bbox 739 1628 771 1672; x_wconf 86' lang='lat' dir='ltr'><strong>v.</strong></span> <span class='ocrx_word' id='word_1_90' title='bbox 794 1604 906 1674; x_wconf 84' lang='lat' dir='ltr'><strong>Tacit.</strong></span> <span class='ocrx_word' id='word_1_91' title='bbox 931 1604 1026 1674; x_wconf 81' lang='lat' dir='ltr'><strong>Anu.</strong></span> <span class='ocrx_word' id='word_1_92' title='bbox 1046 1599 1090 1674; x_wconf 87' lang='grc' dir='ltr'><strong>ΙΙ.</strong></span> <span class='ocrx_word' id='word_1_93' title='bbox 1111 1621 1141 1666; x_wconf 83' lang='lat'><strong>2.</strong></span> <span class='ocrx_word' id='word_1_94' title='bbox 1164 1615 1199 1668; x_wconf 92' lang='lat' dir='ltr'><strong>et</strong></span> <span class='ocrx_word' id='word_1_95' title='bbox 1216 1600 1267 1672; x_wconf 83' lang='lat' dir='ltr'><strong>ibi</strong></span> 
     </span>
     <span class='ocr_line' id='line_1_14' title="bbox 228 1707 918 1798; baseline 0.004 -27"><span class='ocrx_word' id='word_1_96' title='bbox 228 1707 325 1798; x_wconf 88' lang='lat' dir='ltr'><strong>Lips.</strong></span> <span class='ocrx_word' id='word_1_97' title='bbox 914 1767 918 1774; x_wconf 92' lang='lat'><strong>.</strong></span> 
     </span>
     <span class='ocr_line' id='line_1_15' title="bbox 259 1812 1268 1912; baseline -0.003 -30"><span class='ocrx_word' id='word_1_98' title='bbox 259 1816 518 1908; x_wconf 55' lang='grc' dir='ltr'><strong>ΥΜεὲιίῖαηεε,</strong></span> <span class='ocrx_word' id='word_1_99' title='bbox 538 1815 624 1912; x_wconf 64' lang='lat' dir='ltr'><strong>&#39;voce</strong></span> <span class='ocrx_word' id='word_1_100' title='bbox 640 1818 886 1901; x_wconf 81' lang='lat' dir='ltr'><strong>Macedonica,</strong></span> <span class='ocrx_word' id='word_1_101' title='bbox 908 1817 1088 1900; x_wconf 70' lang='grc' dir='ltr'><strong>ιμὲγιστος</strong></span> <span class='ocrx_word' id='word_1_102' title='bbox 1105 1812 1268 1896; x_wconf 76' lang='lat' dir='ltr'><strong>formata,¹</strong></span> 
     </span>
     <span class='ocr_line' id='line_1_16' title="bbox 227 1921 1272 2018; baseline 0 -29"><span class='ocrx_word' id='word_1_103' title='bbox 227 1921 579 2012; x_wconf 71' lang='lat' dir='ltr'><strong>dicuntur-satrapae</strong></span> <span class='ocrx_word' id='word_1_104' title='bbox 607 1941 641 1992; x_wconf 89' lang='lat' dir='ltr'><strong>et</strong></span> <span class='ocrx_word' id='word_1_105' title='bbox 671 1947 833 2018; x_wconf 86' lang='lat' dir='ltr'><strong>proceres</strong></span> <span class='ocrx_word' id='word_1_106' title='bbox 858 1924 1023 1996; x_wconf 87' lang='lat' dir='ltr'><strong>Orientis.</strong></span> <span class='ocrx_word' id='word_1_107' title='bbox 1056 1948 1089 2018; x_wconf 78' lang='lat' dir='ltr'><strong>r.</strong></span> <span class='ocrx_word' id='word_1_108' title='bbox 1114 1924 1200 1992; x_wconf 91' lang='lat' dir='ltr'><strong>Intt.</strong></span> <span class='ocrx_word' id='word_1_109' title='bbox 1227 1921 1272 1999; x_wconf 79' lang='lat' dir='ltr'><strong>nd</strong></span> 
     </span>
     <span class='ocr_line' id='line_1_17' title="bbox 228 2031 555 2122; baseline 0 -21"><span class='ocrx_word' id='word_1_110' title='bbox 228 2031 387 2101; x_wconf 83' lang='lat' dir='ltr'><strong>Frontin.</strong></span> <span class='ocrx_word' id='word_1_111' title='bbox 409 2031 455 2098; x_wconf 86' lang='grc' dir='ltr'><strong>ΙΙ.</strong></span> <span class='ocrx_word' id='word_1_112' title='bbox 476 2056 507 2122; x_wconf 85' lang='lat'><strong>9.</strong></span> <span class='ocrx_word' id='word_1_113' title='bbox 499 2035 555 2101; x_wconf 87' lang='lat'><strong>..5</strong></span> 
     </span>
    </p>
   </div>
   <div class='ocr_carea' id='block_1_3' title="bbox 230 2131 1272 2328">
    <p class='ocr_par' dir='ltr' id='par_1_6' title="bbox 230 2131 1272 2328">
     <span class='ocr_line' id='line_1_18' title="bbox 277 2131 1272 2234; baseline -0.007 -28"><span class='ocrx_word' id='word_1_114' title='bbox 277 2137 314 2224; x_wconf 90' lang='grc'><strong>6</strong></span> <span class='ocrx_word' id='word_1_115' title='bbox 359 2136 465 2205; x_wconf 83' lang='lat' dir='ltr'><strong>Gest</strong></span> <span class='ocrx_word' id='word_1_116' title='bbox 433 2151 528 2219; x_wconf 83' lang='lat' dir='ltr'><strong>t‚tre</strong></span> <span class='ocrx_word' id='word_1_117' title='bbox 550 2154 601 2204; x_wconf 90' lang='lat' dir='ltr'><strong>est</strong></span> <span class='ocrx_word' id='word_1_118' title='bbox 624 2156 719 2226; x_wconf 83' lang='lat' dir='ltr'><strong>gestu</strong></span> <span class='ocrx_word' id='word_1_119' title='bbox 738 2141 894 2234; x_wconf 88' lang='lat' dir='ltr'><strong>eorporis</strong></span> <span class='ocrx_word' id='word_1_120' title='bbox 916 2136 1125 2210; x_wconf 80' lang='lat' dir='ltr'><strong>laetitiam</strong></span> <span class='ocrx_word' id='word_1_121' title='bbox 1103 2131 1158 2204; x_wconf 81' lang='lat' dir='ltr'><strong>tel</strong></span> <span class='ocrx_word' id='word_1_122' title='bbox 1175 2131 1272 2200; x_wconf 79' lang='lat' dir='ltr'><strong>desi·</strong></span> 
     </span>
     <span class='ocr_line' id='line_1_19' title="bbox 230 2217 1272 2328; baseline -0.002 -25"><span class='ocrx_word' id='word_1_123' title='bbox 230 2217 366 2303; x_wconf 77' lang='lat' dir='ltr'><strong>derium</strong></span> <span class='ocrx_word' id='word_1_124' title='bbox 390 2237 613 2325; x_wconf 85' lang='lat' dir='ltr'><strong>significare·</strong></span> <span class='ocrx_word' id='word_1_125' title='bbox 637 2239 731 2306; x_wconf 91' lang='lat' dir='ltr'><strong>unde</strong></span> <span class='ocrx_word' id='word_1_126' title='bbox 754 2239 881 2306; x_wconf 89' lang='lat' dir='ltr'><strong>dicitur</strong></span> <span class='ocrx_word' id='word_1_127' title='bbox 910 2262 976 2328; x_wconf 87' lang='lat' dir='ltr'><strong>pro</strong></span> <span class='ocrx_word' id='word_1_128' title='bbox 1002 2235 1101 2304; x_wconf 87' lang='lat' dir='ltr'><strong>valde</strong></span> <span class='ocrx_word' id='word_1_129' title='bbox 1125 2258 1272 2326; x_wconf 83' lang='lat' dir='ltr'><strong>cupere.</strong></span> 
     </span>
    </p>
   </div>
   <div class='ocr_carea' id='block_1_4' title="bbox 182 2343 1282 4142">
    <p class='ocr_par' dir='ltr' id='par_1_7' title="bbox 229 2343 1275 2632">
     <span class='ocr_line' id='line_1_20' title="bbox 229 2343 1273 2433; baseline -0.003 -23"><span class='ocrx_word' id='word_1_130' title='bbox 229 2343 442 2414; x_wconf 85' lang='lat' dir='ltr'><strong>desiderare.</strong></span> <span class='ocrx_word' id='word_1_131' title='bbox 468 2347 614 2418; x_wconf 87' lang='lat' dir='ltr'><strong>Terent.</strong></span> <span class='ocrx_word' id='word_1_132' title='bbox 632 2348 769 2418; x_wconf 72' lang='lat' dir='ltr'><strong>Phorm.</strong></span> <span class='ocrx_word' id='word_1_133' title='bbox 791 2349 835 2418; x_wconf 90' lang='grc' dir='ltr'><strong>ΙΙ.</strong></span> <span class='ocrx_word' id='word_1_134' title='bbox 862 2371 891 2416; x_wconf 94' lang='grc' dir='ltr'><strong>ι.</strong></span> <span class='ocrx_word' id='word_1_135' title='bbox 913 2351 968 2416; x_wconf 83' lang='lat'><strong>50.</strong></span> <span class='ocrx_word' id='word_1_136' title='bbox 1011 2345 1139 2433; x_wconf 83' lang='lat' dir='ltr'><strong>Ipsum</strong></span> <span class='ocrx_word' id='word_1_137' title='bbox 1154 2357 1236 2432; x_wconf 84' lang='lat' dir='ltr'><strong>gest</strong></span> <span class='ocrx_word' id='word_1_138' title='bbox 1240 2345 1273 2408; x_wconf 80' lang='lat' dir='ltr'><strong>io</strong></span> 
     </span>
     <span class='ocr_line' id='line_1_21' title="bbox 229 2451 1275 2546; baseline 0.008 -29"><span class='ocrx_word' id='word_1_139' title='bbox 229 2451 317 2517; x_wconf 77' lang='lat' dir='ltr'><strong>dari</strong></span> <span class='ocrx_word' id='word_1_140' title='bbox 336 2453 479 2520; x_wconf 77' lang='lat' dir='ltr'><strong>mihim</strong></span> <span class='ocrx_word' id='word_1_141' title='bbox 500 2469 740 2546; x_wconf 81' lang='lat' dir='ltr'><strong>conspectum.</strong></span> <span class='ocrx_word' id='word_1_142' title='bbox 764 2481 795 2524; x_wconf 87' lang='lat' dir='ltr'><strong>v.</strong></span> <span class='ocrx_word' id='word_1_143' title='bbox 814 2456 970 2526; x_wconf 86' lang='lat' dir='ltr'><strong>Perizon.</strong></span> <span class='ocrx_word' id='word_1_144' title='bbox 989 2453 1033 2522; x_wconf 88' lang='lat' dir='ltr'><strong>ad</strong></span> <span class='ocrx_word' id='word_1_145' title='bbox 1050 2454 1168 2522; x_wconf 83' lang='lat' dir='ltr'><strong>Senot.</strong></span> <span class='ocrx_word' id='word_1_146' title='bbox 1183 2452 1275 2546; x_wconf 68' lang='lat' dir='ltr'><strong>Min.</strong></span> 
     </span>
     <span class='ocr_line' id='line_1_22' title="bbox 229 2561 416 2632; baseline 0.032 -6"><span class='ocrx_word' id='word_1_147' title='bbox 229 2561 290 2628; x_wconf 85' lang='lat'><strong>111.</strong></span> <span class='ocrx_word' id='word_1_148' title='bbox 313 2565 343 2630; x_wconf 85' lang='grc'><strong>5.</strong></span> <span class='ocrx_word' id='word_1_149' title='bbox 365 2581 416 2632; x_wconf 87' lang='grc' dir='ltr'><strong>ιι.</strong></span> 
     </span>
    </p>

    <p class='ocr_par' dir='ltr' id='par_1_8' title="bbox 217 2652 1277 3082">
     <span class='ocr_line' id='line_1_23' title="bbox 273 2652 1273 2760; baseline -0.01 -24"><span class='ocrx_word' id='word_1_150' title='bbox 273 2671 406 2736; x_wconf 86' lang='lat' dir='ltr'><strong>Palam</strong></span> <span class='ocrx_word' id='word_1_151' title='bbox 415 2667 577 2756; x_wconf 70' lang='lat' dir='ltr'><strong>jactum.</strong></span> <span class='ocrx_word' id='word_1_152' title='bbox 620 2666 713 2737; x_wconf 89' lang='lat' dir='ltr'><strong>Haec</strong></span> <span class='ocrx_word' id='word_1_153' title='bbox 737 2662 868 2743; x_wconf 80' lang='lat' dir='ltr'><strong>locutio</strong></span> <span class='ocrx_word' id='word_1_154' title='bbox 885 2671 1027 2760; x_wconf 82' lang='lat' dir='ltr'><strong>proprie</strong></span> <span class='ocrx_word' id='word_1_155' title='bbox 1048 2652 1203 2758; x_wconf 88' lang='lat' dir='ltr'><strong>pertinet</strong></span> <span class='ocrx_word' id='word_1_156' title='bbox 1229 2659 1273 2728; x_wconf 79' lang='lat' dir='ltr'><strong>nd</strong></span> 
     </span>
     <span class='ocr_line' id='line_1_24' title="bbox 228 2769 1277 2864; baseline 0.001 -28"><span class='ocrx_word' id='word_1_157' title='bbox 228 2771 362 2838; x_wconf 82' lang='lat' dir='ltr'><strong>funera.</strong></span> <span class='ocrx_word' id='word_1_158' title='bbox 385 2773 501 2860; x_wconf 89' lang='lat' dir='ltr'><strong>Nepos</strong></span> <span class='ocrx_word' id='word_1_159' title='bbox 518 2775 620 2840; x_wconf 91' lang='lat' dir='ltr'><strong>Dion.</strong></span> <span class='ocrx_word' id='word_1_160' title='bbox 639 2797 689 2841; x_wconf 89' lang='grc' dir='ltr'><strong>ιο.</strong></span> <span class='ocrx_word' id='word_1_161' title='bbox 735 2775 863 2847; x_wconf 83' lang='lat' dir='ltr'><strong>Huius</strong></span> <span class='ocrx_word' id='word_1_162' title='bbox 877 2775 924 2858; x_wconf 80' lang='lat' dir='ltr'><strong>de</strong></span> <span class='ocrx_word' id='word_1_163' title='bbox 946 2789 1059 2852; x_wconf 82' lang='lat' dir='ltr'><strong>marte</strong></span> <span class='ocrx_word' id='word_1_164' title='bbox 1079 2769 1126 2843; x_wconf 76' lang='lat' dir='ltr'><strong>ut</strong></span> <span class='ocrx_word' id='word_1_165' title='bbox 1144 2775 1277 2864; x_wconf 77' lang='lat' dir='ltr'><strong>palam</strong></span> 
     </span>
     <span class='ocr_line' id='line_1_25' title="bbox 220 2873 1275 2972; baseline 0.004 -26"><span class='ocrx_word' id='word_1_166' title='bbox 220 2873 452 2968; x_wconf 80' lang='lat' dir='ltr'><strong>factumest.</strong></span> <span class='ocrx_word' id='word_1_167' title='bbox 471 2881 593 2956; x_wconf 80' lang='lat' dir='ltr'><strong>Tiber.</strong></span> <span class='ocrx_word' id='word_1_168' title='bbox 610 2900 663 2952; x_wconf 83' lang='lat'><strong>22.</strong></span> <span class='ocrx_word' id='word_1_169' title='bbox 686 2880 887 2948; x_wconf 75' lang='lat' dir='ltr'><strong>Excessum</strong></span> <span class='ocrx_word' id='word_1_170' title='bbox 902 2882 1073 2972; x_wconf 75' lang='lat' dir='ltr'><strong>Augusti</strong></span> <span class='ocrx_word' id='word_1_171' title='bbox 1083 2907 1152 2952; x_wconf 82' lang='lat' dir='ltr'><strong>non</strong></span> <span class='ocrx_word' id='word_1_172' title='bbox 1160 2881 1275 2971; x_wconf 81' lang='lat' dir='ltr'><strong>prius</strong></span> 
     </span>
     <span class='ocr_line' id='line_1_26' title="bbox 217 2988 806 3107; baseline -0.007 -47"><span class='ocrx_word' id='word_1_173' title='bbox 217 2993 352 3082; x_wconf 71' lang='lat' dir='ltr'><strong>pamm</strong></span> <span class='ocrx_word' id='word_1_174' title='bbox 361 2988 484 3107; x_wconf 56' lang='lat' dir='ltr'><strong>f⁶⁶itt</strong></span> <span class='ocrx_word' id='word_1_175' title='bbox 495 2990 581 3058; x_wconf 89' lang='lat' dir='ltr'><strong>Ner.</strong></span> <span class='ocrx_word' id='word_1_176' title='bbox 597 2990 628 3058; x_wconf 88' lang='lat'><strong>8.</strong></span> <span class='ocrx_word' id='word_1_177' title='bbox 655 2989 729 3056; x_wconf 85' lang='lat' dir='ltr'><strong>Tit.</strong></span> <span class='ocrx_word' id='word_1_178' title='bbox 755 3011 806 3056; x_wconf 90' lang='grc' dir='ltr'><strong>ιι.</strong></span> 
     </span>
    </p>

    <p class='ocr_par' dir='ltr' id='par_1_9' title="bbox 271 3079 1234 3222">
     <span class='ocr_line' id='line_1_27' title="bbox 271 3079 1234 3222; baseline -0.005 -53"><span class='ocrx_word' id='word_1_179' title='bbox 271 3079 484 3188; x_wconf 82' lang='lat' dir='ltr'><strong>Persestos</strong></span> <span class='ocrx_word' id='word_1_180' title='bbox 492 3096 707 3168; x_wconf 82' lang='lat' dir='ltr'><strong>Decembris</strong></span> <span class='ocrx_word' id='word_1_181' title='bbox 731 3097 859 3181; x_wconf 79' lang='lat' dir='ltr'><strong>dies,</strong></span> <span class='ocrx_word' id='word_1_182' title='bbox 848 3122 872 3165; x_wconf 86' lang='lat'><strong>1.</strong></span> <span class='ocrx_word' id='word_1_183' title='bbox 893 3121 923 3170; x_wconf 87' lang='lat' dir='ltr'><strong>e.</strong></span> <span class='ocrx_word' id='word_1_184' title='bbox 946 3119 1010 3222; x_wconf 75' lang='lat' dir='ltr'><strong>per</strong></span> <span class='ocrx_word' id='word_1_185' title='bbox 1030 3087 1234 3170; x_wconf 81' lang='lat' dir='ltr'><strong>Saturnalia.</strong></span> 
     </span>
    </p>

    <p class='ocr_par' dir='ltr' id='par_1_10' title="bbox 182 3201 1282 4142">
     <span class='ocr_line' id='line_1_28' title="bbox 278 3201 1276 3298; baseline -0.009 -22"><span class='ocrx_word' id='word_1_186' title='bbox 278 3209 316 3288; x_wconf 99' lang='grc'><strong>7</strong></span> <span class='ocrx_word' id='word_1_187' title='bbox 360 3210 489 3297; x_wconf 68' lang='lat' dir='ltr'><strong>Rape,</strong></span> <span class='ocrx_word' id='word_1_188' title='bbox 521 3205 665 3297; x_wconf 87' lang='lat' dir='ltr'><strong>proprie</strong></span> <span class='ocrx_word' id='word_1_189' title='bbox 691 3201 884 3281; x_wconf 86' lang='lat' dir='ltr'><strong>dicuntur</strong></span> <span class='ocrx_word' id='word_1_190' title='bbox 917 3207 978 3298; x_wconf 80' lang='lat' dir='ltr'><strong>qui</strong></span> <span class='ocrx_word' id='word_1_191' title='bbox 1007 3219 1086 3272; x_wconf 90' lang='lat' dir='ltr'><strong>ante</strong></span> <span class='ocrx_word' id='word_1_192' title='bbox 1115 3219 1276 3293; x_wconf 83' lang='lat' dir='ltr'><strong>tempus,</strong></span> 
     </span>
     <span class='ocr_line' id='line_1_29' title="bbox 229 3302 1277 3398; baseline -0.01 -18"><span class='ocrx_word' id='word_1_193' title='bbox 229 3311 369 3398; x_wconf 71' lang='lat' dir='ltr'><strong>acerba¹</strong></span> <span class='ocrx_word' id='word_1_194' title='bbox 384 3325 497 3376; x_wconf 88' lang='lat' dir='ltr'><strong>morte</strong></span> <span class='ocrx_word' id='word_1_195' title='bbox 524 3322 683 3398; x_wconf 87' lang='lat' dir='ltr'><strong>pereunt.</strong></span> <span class='ocrx_word' id='word_1_196' title='bbox 711 3302 836 3391; x_wconf 82' lang='lat' dir='ltr'><strong>Virgil.</strong></span> <span class='ocrx_word' id='word_1_197' title='bbox 860 3307 950 3373; x_wconf 89' lang='lat' dir='ltr'><strong>Aen.</strong></span> <span class='ocrx_word' id='word_1_198' title='bbox 971 3306 1033 3375; x_wconf 87' lang='lat' dir='ltr'><strong>VI.</strong></span> <span class='ocrx_word' id='word_1_199' title='bbox 1054 3304 1129 3373; x_wconf 84' lang='lat'><strong>428.</strong></span> <span class='ocrx_word' id='word_1_200' title='bbox 1178 3306 1277 3386; x_wconf 82' lang='lat' dir='ltr'><strong>Quos</strong></span> 
     </span>
     <span class='ocr_line' id='line_1_30' title="bbox 229 3410 1273 3501; baseline -0.011 -13"><span class='ocrx_word' id='word_1_201' title='bbox 229 3420 349 3497; x_wconf 80' lang='lat' dir='ltr'><strong>dulcis</strong></span> <span class='ocrx_word' id='word_1_202' title='bbox 368 3417 471 3486; x_wconf 79' lang='lat' dir='ltr'><strong>vitae</strong></span> <span class='ocrx_word' id='word_1_203' title='bbox 493 3428 672 3495; x_wconf 76' lang='lat' dir='ltr'><strong>exsortes,</strong></span> <span class='ocrx_word' id='word_1_204' title='bbox 694 3425 732 3478; x_wconf 86' lang='lat' dir='ltr'><strong>et</strong></span> <span class='ocrx_word' id='word_1_205' title='bbox 756 3413 803 3480; x_wconf 76' lang='lat' dir='ltr'><strong>ab</strong></span> <span class='ocrx_word' id='word_1_206' title='bbox 829 3413 937 3490; x_wconf 80' lang='lat' dir='ltr'><strong>ubere</strong></span> <span class='ocrx_word' id='word_1_207' title='bbox 957 3425 1103 3501; x_wconf 83' lang='lat' dir='ltr'><strong>raptas,</strong></span> <span class='ocrx_word' id='word_1_208' title='bbox 1125 3410 1273 3478; x_wconf 78' lang='lat' dir='ltr'><strong>Abstu-</strong></span> 
     </span>
     <span class='ocr_line' id='line_1_31' title="bbox 228 3507 1276 3610; baseline -0.01 -15"><span class='ocrx_word' id='word_1_209' title='bbox 228 3529 277 3595; x_wconf 75' lang='lat' dir='ltr'><strong>tir</strong></span> <span class='ocrx_word' id='word_1_210' title='bbox 296 3539 383 3602; x_wconf 78' lang='lat' dir='ltr'><strong>atra</strong></span> <span class='ocrx_word' id='word_1_211' title='bbox 407 3523 500 3597; x_wconf 78' lang='lat' dir='ltr'><strong>dies.</strong></span> <span class='ocrx_word' id='word_1_212' title='bbox 531 3507 690 3590; x_wconf 81' lang='lat' dir='ltr'><strong>L&#39;aetant.</strong></span> <span class='ocrx_word' id='word_1_213' title='bbox 707 3517 768 3596; x_wconf 85' lang='lat'><strong>111.</strong></span> <span class='ocrx_word' id='word_1_214' title='bbox 789 3543 840 3608; x_wconf 88' lang='lat'><strong>17.</strong></span> <span class='ocrx_word' id='word_1_215' title='bbox 871 3523 961 3610; x_wconf 83' lang='lat' dir='ltr'><strong>alias</strong></span> <span class='ocrx_word' id='word_1_216' title='bbox 985 3519 1146 3608; x_wconf 79' lang='lat' dir='ltr'><strong>infantes</strong></span> <span class='ocrx_word' id='word_1_217' title='bbox 1170 3521 1276 3606; x_wconf 79' lang='lat' dir='ltr'><strong>rapi,</strong></span> 
     </span>
     <span class='ocr_line' id='line_1_32' title="bbox 229 3628 1276 3718; baseline -0.008 -18"><span class='ocrx_word' id='word_1_218' title='bbox 229 3635 324 3700; x_wconf 83' lang='lat' dir='ltr'><strong>alias</strong></span> <span class='ocrx_word' id='word_1_219' title='bbox 347 3633 423 3698; x_wconf 84' lang='lat' dir='ltr'><strong>iam</strong></span> <span class='ocrx_word' id='word_1_220' title='bbox 443 3631 606 3700; x_wconf 77' lang='lat' dir='ltr'><strong>robustas</strong></span> <span class='ocrx_word' id='word_1_221' title='bbox 627 3631 791 3698; x_wconf 81' lang='lat' dir='ltr'><strong>interire.</strong></span> <span class='ocrx_word' id='word_1_222' title='bbox 836 3629 966 3694; x_wconf 87' lang='lat' dir='ltr'><strong>Eadem</strong></span> <span class='ocrx_word' id='word_1_223' title='bbox 985 3629 1036 3696; x_wconf 88' lang='lat' dir='ltr'><strong>vis</strong></span> <span class='ocrx_word' id='word_1_224' title='bbox 1057 3643 1091 3696; x_wconf 93' lang='lat' dir='ltr'><strong>et</strong></span> <span class='ocrx_word' id='word_1_225' title='bbox 1110 3628 1276 3718; x_wconf 79' lang='lat' dir='ltr'><strong>proprie-</strong></span> 
     </span>
     <span class='ocr_line' id='line_1_33' title="bbox 231 3723 1280 3814; baseline -0.009 -3"><span class='ocrx_word' id='word_1_226' title='bbox 231 3723 283 3811; x_wconf 81' lang='lat' dir='ltr'><strong>tas</strong></span> <span class='ocrx_word' id='word_1_227' title='bbox 301 3739 409 3807; x_wconf 88' lang='lat' dir='ltr'><strong>estin</strong></span> <span class='ocrx_word' id='word_1_228' title='bbox 429 3733 537 3806; x_wconf 85' lang='lat' dir='ltr'><strong>verbo</strong></span> <span class='ocrx_word' id='word_1_229' title='bbox 556 3740 686 3806; x_wconf 76' lang='lat' dir='ltr'><strong>adimi.</strong></span> <span class='ocrx_word' id='word_1_230' title='bbox 707 3735 811 3806; x_wconf 86' lang='lat' dir='ltr'><strong>Ovid.</strong></span> <span class='ocrx_word' id='word_1_231' title='bbox 829 3739 915 3806; x_wconf 88' lang='lat' dir='ltr'><strong>Met.</strong></span> <span class='ocrx_word' id='word_1_232' title='bbox 933 3737 994 3804; x_wconf 86' lang='lat' dir='ltr'><strong>XI·</strong></span> <span class='ocrx_word' id='word_1_233' title='bbox 1017 3739 1090 3806; x_wconf 84' lang='grc'><strong>551.</strong></span> <span class='ocrx_word' id='word_1_234' title='bbox 1133 3739 1280 3814; x_wconf 81' lang='lat' dir='ltr'><strong>Natam</strong></span> 
     </span>
     <span class='ocr_line' id='line_1_34' title="bbox 229 3840 1279 3934; baseline -0.007 -17"><span class='ocrx_word' id='word_1_235' title='bbox 229 3850 501 3926; x_wconf 74' lang='lat' dir='ltr'><strong>delamentatur</strong></span> <span class='ocrx_word' id='word_1_236' title='bbox 522 3845 717 3922; x_wconf 80' lang='lat' dir='ltr'><strong>ademtam.</strong></span> <span class='ocrx_word' id='word_1_237' title='bbox 747 3867 779 3915; x_wconf 86' lang='lat' dir='ltr'><strong>v.</strong></span> <span class='ocrx_word' id='word_1_238' title='bbox 806 3845 922 3924; x_wconf 85' lang='lat' dir='ltr'><strong>Burm.</strong></span> <span class='ocrx_word' id='word_1_239' title='bbox 952 3842 996 3914; x_wconf 88' lang='lat' dir='ltr'><strong>ad</strong></span> <span class='ocrx_word' id='word_1_240' title='bbox 1022 3843 1135 3934; x_wconf 77' lang='lat' dir='ltr'><strong>Valer.</strong></span> <span class='ocrx_word' id='word_1_241' title='bbox 1164 3840 1279 3920; x_wconf 78' lang='lat' dir='ltr'><strong>Flace.</strong></span> 
     </span>
     <span class='ocr_line' id='line_1_35' title="bbox 182 3951 393 4040; baseline -0.014 -17"><span class='ocrx_word' id='word_1_242' title='bbox 182 4023 187 4036; x_wconf 75' lang='grc'><em>,</em></span> <span class='ocrx_word' id='word_1_243' title='bbox 228 3951 293 4040; x_wconf 64' lang='lat' dir='ltr'><strong>‚VL</strong></span> <span class='ocrx_word' id='word_1_244' title='bbox 318 3953 393 4024; x_wconf 81' lang='lat'><strong>282.</strong></span> 
     </span>
     <span class='ocr_line' id='line_1_36' title="bbox 189 4061 1282 4142; baseline -0.013 -2"><span class='ocrx_word' id='word_1_245' title='bbox 189 4078 194 4088; x_wconf 78' lang='lat'><em>&#39;</em></span> <span class='ocrx_word' id='word_1_246' title='bbox 1144 4129 1151 4142; x_wconf 70' lang='grc'>,</span> <span class='ocrx_word' id='word_1_247' title='bbox 1200 4061 1240 4132; x_wconf 83' lang='lat' dir='ltr'><em>F</em></span> <span class='ocrx_word' id='word_1_248' title='bbox 1238 4085 1282 4126; x_wconf 83' lang='lat' dir='ltr'><strong>a·</strong></span> 
     </span>
    </p>
   </div>
   <div class='ocr_carea' id='block_1_5' title="bbox 0 0 1412 4512">
    <p class='ocr_par' dir='ltr' id='par_1_11' title="bbox 0 0 1412 4512">
     <span class='ocr_line' id='line_1_37' title="bbox 0 0 1412 4512; baseline 0 0"><span class='ocrx_word' id='word_1_249' title='bbox 0 0 1412 4512; x_wconf 95' lang='lat' dir='ltr'><strong> </strong></span> 
     </span>
    </p>
   </div>
  </div>
 </body>
</html>
