2814 4514
248 283 323 363 tot
573 280 980 355 CLAUDIUS.¹

301 471 513 547 Gladiatori
530 467 679 558 gratiae
705 493 805 557 esse,
836 473 861 538 i.
885 492 916 540 e.
947 464 1126 558 gladiatori
1157 475 1309 559 gratiani

255 584 451 657 conciliato.
839 613 841 620 ·
1202 593 1204 598 '

154 674 156 680 ¹
261 681 365 766 ·'22.
413 690 531 757 Terra
550 689 734 773 movisset,
758 683 832 754 s'cil.
862 710 911 755 se.
955 675 1176 782 Propriaest
1194 689 1303 757 locu·-

254 792 314 859 tio.
347 791 424 860 Liv.
451 789 597 860 XXXV.
618 788 672 858 4ο.
703 803 805 858 terra
831 787 910 856 dies
932 787 1303 880 duodequadraginta

247 897 381 974 'movit
901 905 908 920 ¹
1097 976 1099 984 Ι

260 1061 264 1074 ,
304 1005 528 1073 obsecratio.
574 1002 801 1091 Supplicatio
819 1018 855 1068 et
874 1002 1073 1072 obsecratio
1098 1001 1233 1090 differt,
1253 1022 1300 1074 ut

253 1135 362 1201 genus
378 1126 412 1180 et
429 1113 571 1205 species.
616 1112 703 1180 Nam
725 1112 947 1197 supplicatio
962 1127 1035 1178 erat
1051 1110 1105 1177 vel
1123 1113 1303 1178 obsecra-'

254 1223 328 1306 tio,
360 1245 429 1312 qua
458 1221 510 1286 ira
535 1219 684 1286 Deorum
711 1218 952 1304 avertebatur,
983 1231 1170 1308 eorumque
1199 1218 1300 1286 favor

256 1328 525 1416 consiliabatur,
555 1322 610 1393 vel
629 1323 856 1411 gratulatio,
879 1349 945 1414 qua
968 1325 1041 1393 Diis
1057 1331 1130 1414 'pro
1152 1325 1297 1391 benefi-
1382 1321 1383 1334 ¹

255 1437 317 1504 ciis
334 1436 460 1523 gratias
479 1433 675 1522 agebantur.
703 1452 735 1498 v.
759 1431 834 1501 Liv.
851 1433 983 1503 XXXI.
1012 1455 1050 1534 ᾗ
1068 1447 1103 1498 et
1125 1431 1175 1500 ibi
1198 1435 1297 1500 Dra-

250 1541 358 1610 kenb.
438 1573 443 1584 ·

273 1649 487 1732 'Praeiret‚
508 1649 532 1715 i.
553 1669 584 1714 e.
607 1646 739 1735 primus
761 1645 922 1713 recitaret
943 1645 1186 1718 obsecrationis
1212 1649 1294 1716 ior-

252 1752 402 1836 mulam‚
419 1770 458 1818 ut
476 1752 626 1844 populus
640 1777 715 1820 eam
733 1752 855 1820 iisdem
877 1755 992 1822 verbis
1006 1771 1193 1850 repeteret.
1216 1759 1294 1827 Liv.

220 1945 222 1950 Ι
251 1861 398 1951 Y111.9.
442 1861 633 1948 Pontifici,
653 1865 762 1950 praei
787 1861 920 1944 veroa,
952 1864 1080 1951 quibus
1112 1887 1168 1930 me
1193 1864 1298 1932 dero·

247 1995 361 2039 seam.
383 1969 445 2036 uhi
464 1994 495 2038 v.
517 1965 694 2040 Drakenb.

302 2073 444 2163 Operae
466 2072 657 2159 dicuutur,
682 2074 743 2164 qui
769 2090 854 2169 opus
869 2077 1027 2146 manibus
1044 2076 1198 2166 iaciunt,
1221 2081 1298 2175 opi·

249 2179 370 2248 ficium
399 2179 575 2274 quoddam
595 2197 755 2249 tractant.
784 2183 939 2278 Vespr.
972 2187 1173 2274 mancipem
1203 2201 1298 2276 ope-³

252 2309 404 2374 raram,
429 2313 520 2378 quae
541 2289 592 2355 od
610 2291 792 2356 culturom
816 2315 989 2382 agrorum
1010 2319 1209 2363 commeare
1230 2321 1293 2363 so-

196 2425 201 2434 ·
249 2397 377 2464 lerant.
400 2418 431 2462 v.
449 2395 600 2466 Gronov.
624 2399 714 2465 Obs.
729 2399 790 2466 III.
810 2423 842 2470 2.

301 2499 363 2580 23.
425 2503 518 2572 Urbe
543 2519 581 2573 et
607 2505 722 2572 Italia
755 2511 1055 2579 submoverentttr.
1110 2508 1168 2579 Ad
1200 2511 1292 2577 hano

251 2602 532 2674 constitutionem
561 2606 705 2695 respicit
732 2608 872 2700 Ulpian.
904 2612 944 2701 L.
970 2635 1001 2698 7.
1034 2615 1066 2699 §.
1090 2612 1141 2680 15.
1176 2611 1220 2678 D.
1248 2608 1294 2678 de

248 2708 380 2777 interd.
405 2733 438 2777 v.
459 2712 609 2810 Brisson.
633 2712 760 2781 Select.
783 2715 906 2804 Antiq.
923 2716 987 2781 III.
1006 2717 1038 2784 6.

168 2857 170 2862 -
281 2817 469 2906 'Beneficii
492 2819 553 2885 sai
563 2817 682 2904 fecit,
704 2817 728 2884 i.
748 2841 778 2884 c.
801 2817 908 2900 iecit,
931 2835 971 2884 ut
992 2839 1199 2894 commeatus
1220 2849 1237 2891 a
1257 2848 1294 2894 sc

248 2941 456 3017 peteretur,
486 2937 651 3012 tanquam
678 2922 888 2989 beneficium
913 2922 1066 3014 aliquod.
1088 2953 1121 2997 v.
1145 2931 1292 3000 Casani).

250 3030 295 3099 ad
318 3030 396 3117 h.‚l.
420 3044 455 3096 et
476 3051 562 3119 quae
587 3027 777 3096 notavimus
800 3025 845 3094 ad
873 3027 998 3100 Tiber.
1019 3055 1069 3103 12.

299 3135 360 3214 24,
395 3137 681 3206 ὲΡνοοιινὶιιὲονω
708 3135 900 3204 ducenarii
927 3135 1092 3208 dicuntur
1123 3169 1143 3210 a
1171 3147 1293 3216 salario

247 3263 385 3321 annuo,
423 3231 518 3327 quod
547 3227 621 3304 erat
651 3235 786 3301 ducena
812 3237 977 3304 sestertia.
1031 3239 1157 3312 Videte
1187 3249 1291 3317 Dion.

248 3353 342 3422 Cass.
366 3349 410 3416 L.
433 3345 494 3412 III.
516 3367 554 3434 p.
572 3346 648 3414 506.
682 3357 718 3408 et
745 3363 831 3432 quos
853 3339 971 3412 iaudat
993 3347 1226 3440 Oudendorp.
1249 3355 1291 3426 ad

244 3458 283 3525 h.
307 3459 331 3525 l.
905 3541 907 3545 ,
1098 3450 1102 3454 ’

185 3575 187 3579 ’
292 3565 501 3634 Libertinos
528 3563 657 3630 dictos.
709 3557 865 3626 Suetonii
897 3562 1132 3632 auctoritatem
1158 3563 1292 3634 elevare

248 3688 393 3742 conatur
411 3672 530 3760 Sigon.
552 3653 596 3735 de
616 3668 660 3736 A.
684 3669 710 3734 Ι.
730 3668 771 3734 C.
790 3669 832 3734 R.
851 3670 878 3736 I.
900 3674 933 3743 6.
976 3669 1043 3740 Sed
1065 3671 1193 3738 frustra
1215 3700 1292 3743 eum

245 3794 424 3871 oppugnat
445 3777 645 3846 testimoniis
668 3777 845 3844 Ciceronis
864 3796 898 3844 et
926 3778 1035 3862 Livii,
1059 3779 1121 3869 qui
1146 3781 1292 3848 liberti..

246 3913 310 3956 nos
329 3899 456 3954 vocent
483 3886 593 3978 ipsos,
619 3884 679 3971 qui
705 3886 900 3952 manumissi
925 3903 1016 3954 sunt.
1061 3890 1292 3960 Nemeorum

246 4011 373 4082 aetate,
398 3992 435 4060 id
459 4011 527 4079 est,
555 3990 713 4058 ducentis
739 3995 837 4060 annis
861 4009 940 4083 post
960 3994 1114 4089 Appium
1132 4039 1146 4080 ,
1161 3995 1295 4102 dudum

1187 4105 1293 4172 obso-
1324 4117 1326 4124 '
