2818 4516
479 281 858 356 'irruamus
1125 277 1259 394 ..δ”

140 488 296 559 quarum
329 467 557 554 captivarum
597 468 856 539 consuetudine
894 483 1113 546 tenerentur.
1148 501 1205 549 r.

141 577 266 645 Graev.
290 571 333 640 ad
356 575 428 643 Cic.
451 573 495 643 ad
517 576 595 644 niv.
615 579 659 647 V.
685 599 737 645 22.

74 685 76 690 ’
176 685 398 767 Contendo,
428 683 452 751 i.
485 707 516 750 e.
548 681 703 753 intentis.
748 687 855 756 Pacta
875 701 976 753 *vetus
1006 707 1062 774 ap.
1092 678 1184 762 Non.

140 791 251 859 Marc.
287 813 324 880 p.
346 793 421 860 518.
451 792 636 860 contendit
667 794 992 882 calcaremus.
1017 790 1046 857 I.
1073 795 1113 861 5.
1133 819 1185 884 19.
1218 857 1223 862 .
1257 821 1260 836 ·
1298 797 1305 826 ”
1345 854 1348 864 .
1393 757 1395 764 ¹

141 899 217 966 Sed
241 901 295 966 sic
325 899 477 965 intentis
507 898 700 968 haerebam
718 897 824 987 fixus
851 897 981 965 ocellis.
1013 921 1047 970 v.
1075 897 1215 972 Bentl.·'

140 1002 184 1070 ad
206 1005 327 1074 Horat.
347 1004 376 1070 Ι.
399 1003 465 1098 Ep.
488 1029 516 1072 1.
537 1006 592 1074 28.
614 1021 649 1072 et
669 1004 752 1071 Ira-tt.
773 1002 876 1072 adh.
897 1000 923 1072 l.

186 1112 425 1181 {laurentibus
443 1112 577 1192 oculis,
600 1109 625 1177 i.
646 1133 676 1177 e.
701 1107 763 1202 qui
784 1109 915 1176 obortis
940 1111 1101 1204 quidem,
1123 1114 1186 1184 sod

137 1221 298 1290 nondum
319 1219 431 1288 effusis
455 1217 604 1284 lacrimis
627 1233 777 1304 turgent.
803 1215 932 1285 Tibull.
949 1219 976 1286 I.
1002 1245 1033 1308 9.
1056 1245 1109 1312 72·
1131 1223 1206 1293 Et*
1329 1213 1339 1222 ‘
1369 1255 1373 1262 -

140 1345 208 1398 tua
237 1332 312 1397 iam
329 1330 430 1418 fletu
460 1325 596 1390 lumina
615 1322 725 1410 fessa
749 1335 899 1390 tument.
930 1323 1034 1393 Ovid.
1066 1329 1186 1401 Amor,
1279 1354 1289 1396 ⁴.

137 1439 202 1507 111.
226 1441 258 1507 6.
287 1461 343 1528 79.
363 1448 401 1505 et
415 1443 552 1500 uestem
571 1430 724 1497 tumidis
734 1432 953 1536 praetendit
967 1435 1104 1502 'ocelim
1126 1435 1188 1507 ubi
1209 1467 1214 1476 ·

139 1568 174 1616 v.
196 1546 281 1615 Intt.
351 1587 353 1594 ,

186 1648 378 1733 Discedit,
398 1650 422 1716 i.
449 1671 479 1714 e.
502 1646 592 1712 rixas
617 1667 695 1712 cum
716 1667 755 1712 ea
775 1643 919 1732 habuit,
942 1643 1008 1713 suit
1024 1650 1118 1720 inter
1137 1649 1186 1718 il.

140 1758 193 1826 los
221 1741 438 1840 dissidium,
466 1779 542 1825 non
573 1754 782 1822 discidium.
827 1755 914 1822 Nam
937 1757 1028 1825 hene
1059 1775 1188 1836 tenen-

141 1865 229 1932 dum
248 1879 299 1931 est
325 1861 511 1932 discrimen
530 1863 622 1928 inter
638 1857 734 1942 'haec
754 1859 930 1929 vocabula.
976 1863 1199 1931 Discidium·

140 1991 196 2042 est
227 1969 420 2052 dissensio,
453 1990 540 2058 quac
573 1965 615 2029 fit
642 1963 712 2032 sola
741 1961 926 2036 voluntate
942 1986 977 2037 ct
1006 1972 1188 2060 sententia.

141 2079 359 2152 Discidium
381 2092 431 2142 cst
457 2071 644 2140 disiunctio
671 2087 706 2136 et
727 2077 918 2164 separatio,
942 2099 1029 2168 quae
1052 2077 1093 2141 fit
1117 2091 1196 2172 tum

142 2185 287 2269 animis,
320 2199 393 2248 tum
422 2181 636 2273 corporibus.
679 2174 784 2244 Unde
815 2179 959 2268 ponitur
979 2205 1044 2273 pro
1066 2180 1188 2250 divor-

144 2297 213 2378 tio,
244 2310 284 2361 ut
305 2285 399 2384 apud
429 2288 503 2355 Cic.
532 2283 575 2350 ad
604 2287 676 2354 Aa
699 2285 777 2359 XV.
808 2308 860 2376 29.
905 2285 983 2354 Hoc
1002 2284 1191 2357 discrimen

143 2403 278 2496 primus
305 2391 553 2465 demonstravit
579 2413 728 2457 summus
755 2388 815 2458 ille
845 2391 998 2463 Gronov.
1029 2391 1073 2460 ad
1113 2393 1189 2463 Liv.

144 2512 259 2582 XXV.
288 2507 341 2576 28.
372 2525 476 2595 quem
508 2498 616 2566 secuti
644 2497 1189 2598 suntB1·oukhus.adPropert.

145 2623 191 2691 11.
213 2644 263 2710 19.
285 2619 337 2686 16.
360 2630 395 2681 et
413 2607 579 2679 Oudend.
601 2607 646 2676 ad
668 2609 704 2680 h.
727 2606 753 2677 l.
817 2681 820 2697 Ι

189 2725 420 2812 Intercepta,
451 2739 577 2809 nempe
608 2733 730 2784 morte.
763 2713 854 2785 Plin.
875 2715 921 2788 X.
954 2717 1020 2809 Ep.
1041 2723 1096 2789 50.
1117 2717 1191 2788 'in-

148 2842 308 2918 tercepto
331 2848 416 2914 rege
436 2823 672 2890 mortalitate.
694 2847 727 2892 v.
752 2825 906 2895 Gronov.
934 2825 1019 2894 Obs.
1047 2827 1108 2918 111.
1137 2851 1170 2916 9.
1276 2869 1281 2876 ·

194 2933 233 3010 8.
258 2932 428 2999 Ciuilium
443 2929 641 3019 officiorum
659 2929 899 3019 rudimentis,
921 2933 945 3000 i.
966 2956 996 3002 e.
1013 2953 1094 3000 cum
1112 2929 1194 3027 pri·
1240 3027 1242 3038 Ι

148 3057 243 3105 mum
262 3031 435 3120 inciperet
458 3049 588 3096 caussas
607 3049 717 3112 agere.

197 3138 487 3219 condemnavit,
521 3134 548 3200 i.
581 3155 610 3199 c.
645 3131 789 3217 effeci-t,
820 3149 861 3200 ut
890 3137 1194 3210 condemnaretur.

154 3247 243 3316 Nam
265 3267 336 3311 non
359 3239 462 3310 modo
479 3239 599 3323 iudex,
622 3232 683 3302 sed
707 3234 808 3302 etiam
827 3261 1003 3314 accusator
1014 3297 1025 3332 ,
1038 3265 1084 3314 ‘et
1103 3265 1199 3315 actor

152 3375 287 3424 caussae
307 3351 461 3442 privatae
484 3345 613 3412 dicitur
642 3342 888 3416 condemnare.
910 3351 1021 3429 Plaut.
1045 3350 1200 3424 Mostell.

150 3463 197 3534 V.
225 3485 254 3527 1.
272 3461 327 3528 50.
376 3459 495 3536 Tanto
517 3449 619 3540 apud
639 3452 795 3518 iudicem
815 3455 911 3525 nunc
932 3459 1082 3544 argenti
1110 3479 1199 3525 con«

152 3567 323 3637 damnabo
336 3565 505 3654 facilius.
537 3561 676 3628 Sueton.
700 3557 817 3627 Vitell.
845 3584 876 3628 2.
908 3565 1095 3632 inimicum
1119 3568 1199 3636 cius

152 3677 346 3744 accuravit
364 3668 693 3755 condemnauitque.
715 3688 749 3732 r.
769 3665 907 3736 Ernest.
930 3666 1031 3740 adh.
1056 3667 1082 3740 l.
1124 3673 1200 3740 Re·

152 3780 305 3872 spondet
322 3778 441 3848 Medio
462 3777 561 3848 verbi
577 3773 701 3844 Graeca
718 3775 1031 3850 ratuinionaiar.

192 3892 333 3960 Artior
350 3909 565 3972 annonn,1.
595 3907 626 3950 e.
659 3867 792 3969 carior,
813 3885 894 3956 sive
917 3884 1132 3974 angustior,
1163 3900 1204 3951 ut

156 3999 241 4072 alibi
264 3997 406 4070 dicitur.
428 3993 554 4073 Claud.
544 4019 624 4088 ⁶²9·
648 3995 789 4169 argiope
803 4013 946 4069 annona
966 3993 1009 4064 ob
1025 3991 1202 4062 ausimne

1123 4118 1199 4173 ste-

1388 3917 1391 3980 t

1380 3991 1390 4152 i
