2814 4512
478 267 650 343 utut:
670 266 703 336 1t
722 267 739 336 1
761 263 794 332 U
816 267 862 336 S.
1123 254 1186 329 253

195 471 241 537 In
267 465 446 536 decimum
473 460 597 528 diem.
626 443 713 522 Cum
740 444 1089 520 Suetonio'eeuvenit
1114 440 1192 512 Ta-

154 578 209 644 eit.
228 574 325 648 Anu
338 569 401 638 111.
424 569 478 636 51.
501 563 563 630 ubi
587 585 620 632 v
636 561 720 627 Intt.
765 555 836 624 Sed
857 552 915 620 alii
931 547 1193 652 scriptoretdi-

153 696 237 748 eunt
247 678 421 770 ,spatium
439 670 600 763 temporis
612 670 707 735 inter
726 661 1093 732 condemnationemet
1106 679 1196 746 sup·
1198 705 1208 713 ι

155 782 299 876 plicium
317 783 458 870 triginta
475 772 550 842 dies
568 773 692 844 suisse-
682 799 797 866 ·quae
815 756 988 865 quomodo
1002 763 1198 832 coneiliau

157 885 201 954 da
221 889 314 970 sint,
338 885 442 953 docet
461 881 665 954 sirmondus
684 883 728 950 ad
744 880 863 952 Sidon.
884 876 1002 970 Apoll.
1018 878 1049 944 Ι.
1067 899 1102 964 7.

148 1049 155 1084 .·
157 992 455 1081 Interpellari,
484 991 510 1058 i.
533 1014 566 1060 e.
595 990 797 1084 implorari,
829 986 999 1082 appellari
1022 982 1068 1051 ad
1099 1001 1202 1072 opem

128 1121 131 1126 “
158 1099 350 1186 serendam.
371 1123 405 1170 v.
427 1100 578 1176 Brisson.
600 1098 710 1172 dev.
733 1101 786 1170 S.

201 1208 384 1293 Moneri,
372 1230 398 1273 ι.
413 1229 443 1272 e.
465 1205 644 1276 transferri
655 1187 932 1296 ,trausportari
941 1199 1027 1292 Sup.
1042 1199 1096 1269 64.
1119 1199 1203 1266 Ne
1249 1293 1251 1301 y

154 1327 283 1404 potes,
306 1315 433 1382 oheuttt
455 1317 610 1402 lectica,
634 1319 708 1384 loeo
728 1314 849 1382 mevit.

150 1501 153 1516 .
202 1423 365 1490 Atellam
386 1421 516 1490 deferri
542 1423 723 1503 volebant,
752 1413 847 1510 quod
867 1431 1043 1505 *nusquam
1061 1409 1207 1500 propius

161 1546 251 1598 esset
274 1528 472 1614 theatrum,
506 1530 587 1615 uhi,
620 1547 785 1620 tanquam
814 1523 1015 1606 damnatus,
1050 1519 1207 1610 comburi

153 1651 292 1725 posset·
313 1659 345 1706 v.
365 1639 449 1710 Intt.
471 1634 569 1706 adh.
592 1635 618 1704 l.

211 1741 289 1818 76.
319 1745 459 1820 Eodem
478 1747 656 1833 exemplu.
686 1745 710 1810 i.
739 1767 768 1809 e.
792 1699 913 1809 erilem
941 1735 1151 1818 formula,
1141 1738 1206 1803 ris-

164 1838 248 1915 dem
272 1845 397 1930 verbis.
422 1871 453 1916 v.
475 1843 585 1944 Calig.
602 1847 652 1916 55
677 1861 712 1910 et
728 1843 864 1910 Ernest
883 1839 981 1908 Clav.
998 1838 1071 1906 cic.
1087 1861 1118 1908 ι.
1135 1833 1210 1903 Ex·

168 1973 226 2014 em
252 1948 288 2014 lu
325 1999 335 2018 .

200 1974 467 2147 1ΙξΙι.’νῙΙΙε7ιιιι,,ἰ.
486 2085 515 2128 e.
530 2057 668 2135 multis.
695 2055 811 2145 Nepos
829 2053 943 2144 praef.
984 2055 1072 2123 Non
1087 2051 1214 2119 dubito

157 2165 464 2272 sorepleroaque.
528 2239 530 2242 ,
597 2231 606 2239 ,,

494 2677 901 2796 ΩΑΙΙΙΘΠΙΑ.

83 2969 85 2972 ·
160 2938 211 3024 ,1.
333 2971 375 3015 er
394 2949 515 3037 leges,
548 2949 621 3019 scil.
645 2951 795 3020 annales.
841 2947 1028 3037 Legitimus
1054 2966 1220 3040 quaestu·
1291 2997 1292 3001 =

131 3069 138 3093 ’
175 3079 233 3120 rae
255 3076 383 3137 annus,
405 3053 516 3126 libera
529 3083 605 3150 rep.
632 3075 705 3125 erat
729 3061 877 3128 XXVII.
901 3081 943 3124 ex
964 3056 1108 3144 Augusti
1129 3080 1221 3124 eon-

164 3158 355 3226 stitutior're
376 3161 488 3233 XXV.
520 3189 551 3230 v.
574 3163 676 3229 Dion.
701 3163 793 3232 Cass.
817 3165 890 3232 LH.
912 3189 949 3256 p.
973 3165 1049 3252 477.
1072 3181 1107 3231 et
1127 3167 1224 3258 Lips.

179 3265 223 3330 ad
248 3266 362 3332 Tacit.
390 3266 485 3334 Αιιιι.
510 3269 572 3338 ΠΙ.
596 3291 649 3358 29.
673 3269 758 3336 Ere.
781 3271 822 3336 D.
868 3271 1094 3340 Germanicus
1120 3259 1226 3354 igitur

180 3387 398 3462 quaesturam
417 3371 520 3460 gessit
538 3399 630 3444 anno
651 3375 768 3462 aetatis
786 3373 877 3459 XX,
901 3392 940 3442 ut
963 3400 1005 3446 ex
1023 3375 1096 3442 eius
1116 3389 1226 3452 aetate

178 3477 391 3548 demonstrat
411 3477 578 3548 Oudend.
600 3479 643 3548 ad
666 3483 702 3556 h.
725 3483 749 3550 l.
895 3467 898 3472 ¹
1171 3562 1179 3566 ,

224 3585 384 3671 Statim,
406 3586 464 3656 hie
487 3587 691 3670 sumendum
710 3605 761 3657 est
786 3587 941 3678 ordinis,
964 3613 1035 3659 non
1062 3582 1228 3683 temperis

180 3695 327 3776 ratione.
370 3697 457 3762 Nam
478 3695 600 3762 statim‘
618 3695 738 3764 consul
755 3692 866 3763 faetus
891 3712 965 3784 est,
981 3697 1164 3775 aedilitate
1189 3718 1227 3783 et

180 3815 342 3891 praetura
363 3803 612 3894 praetermissa.
636 3829 673 3874 r.
693 3806 778 3872 Iutt.
800 3802 902 3870 adh.
925 3805 955 3885 Ιρ

228 3907 559 3997 Compenendums
547 3930 572 3978 ι.
585 3935 615 3978 e.
628 3907 836 4002 pacandum.
851 3931 884 3980 v.
894 3928 1010 3982 notata
1027 3908 1070 3984 ati
1084 3915 1181 3987 Caes.
1194 3915 1227 3998 4.

224 4015 464 4106 Expulsus
419 4045 477 4108 ,ι
497 4044 527 4092 e.
551 4037 728 4126 extrusus,
752 4035 790 4088 ut
814 4021 936 4091 Cicero
955 4019 1122 4117 loquitur.
1149 4027 1225 4094 Ta-

1170 4129 1250 4205 cit.
