<?xml version="1.0" encoding="UTF-8"?>
<!DOCTYPE html PUBLIC "-//W3C//DTD XHTML 1.0 Transitional//EN"
    "http://www.w3.org/TR/xhtml1/DTD/xhtml1-transitional.dtd">
<html xmlns="http://www.w3.org/1999/xhtml" xml:lang="en" lang="en">
 <head>
  <title>
</title>
<meta http-equiv="Content-Type" content="text/html;charset=utf-8" />
  <meta name='ocr-system' content='tesseract 3.04.00' />
  <meta name='ocr-capabilities' content='ocr_page ocr_carea ocr_par ocr_line ocrx_word'/>
</head>
<body>
  <div class='ocr_page' id='page_1' title='image "./davruhnkeniussc00geelgoog_0254.png"; bbox 0 0 2814 4512; ppageno 0'>
   <div class='ocr_carea' id='block_1_1' title="bbox 484 247 1315 347">
    <p class='ocr_par' dir='ltr' id='par_1_1' title="bbox 484 247 1315 347">
     <span class='ocr_line' id='line_1_1' title="bbox 484 247 1315 347; baseline -0.01 -5"><span class='ocrx_word' id='word_1_1' title='bbox 484 247 951 342; x_wconf 77' lang='lat' dir='ltr'><strong>rruar1us.&#39;</strong></span> <span class='ocrx_word' id='word_1_2' title='bbox 1128 269 1201 339; x_wconf 70' lang='lat' dir='ltr'><strong>su·</strong></span> <span class='ocrx_word' id='word_1_3' title='bbox 1307 333 1315 347; x_wconf 83' lang='grc'><strong>,</strong></span> 
     </span>
    </p>
   </div>
   <div class='ocr_carea' id='block_1_2' title="bbox 77 451 1214 972">
    <p class='ocr_par' dir='ltr' id='par_1_2' title="bbox 77 451 1214 754">
     <span class='ocr_line' id='line_1_2' title="bbox 77 451 1189 546; baseline -0.005 -20"><span class='ocrx_word' id='word_1_4' title='bbox 77 515 82 526; x_wconf 86' lang='grc'><strong>.</strong></span> <span class='ocrx_word' id='word_1_5' title='bbox 150 457 302 532; x_wconf 79' lang='lat' dir='ltr'><strong>Gramm.</strong></span> <span class='ocrx_word' id='word_1_6' title='bbox 325 458 380 528; x_wconf 78' lang='lat'><strong>23.</strong></span> <span class='ocrx_word' id='word_1_7' title='bbox 402 476 618 546; x_wconf 81' lang='lat' dir='ltr'><strong>quamquam</strong></span> <span class='ocrx_word' id='word_1_8' title='bbox 644 477 688 521; x_wconf 77' lang='lat' dir='ltr'><strong>ex</strong></span> <span class='ocrx_word' id='word_1_9' title='bbox 715 455 837 522; x_wconf 77' lang='lat' dir='ltr'><strong>seboin</strong></span> <span class='ocrx_word' id='word_1_10' title='bbox 860 451 1095 542; x_wconf 77' lang='lat' dir='ltr'><strong>quadragena</strong></span> <span class='ocrx_word' id='word_1_11' title='bbox 1115 475 1189 521; x_wconf 56' lang='lat' dir='ltr'><strong>aaa</strong></span> 
     </span>
     <span class='ocr_line' id='line_1_3' title="bbox 149 557 1214 654; baseline -0.004 -20"><span class='ocrx_word' id='word_1_12' title='bbox 149 589 223 634; x_wconf 83' lang='lat' dir='ltr'><strong>nuc</strong></span> <span class='ocrx_word' id='word_1_13' title='bbox 250 575 408 654; x_wconf 73' lang='lat' dir='ltr'><strong>cuperet.</strong></span> <span class='ocrx_word' id='word_1_14' title='bbox 429 561 583 632; x_wconf 81' lang='lat' dir='ltr'><strong>Perizon.</strong></span> <span class='ocrx_word' id='word_1_15' title='bbox 610 557 654 626; x_wconf 90' lang='lat' dir='ltr'><strong>ad</strong></span> <span class='ocrx_word' id='word_1_16' title='bbox 673 560 790 630; x_wconf 89' lang='lat' dir='ltr'><strong>Sanct.</strong></span> <span class='ocrx_word' id='word_1_17' title='bbox 805 561 896 628; x_wconf 90' lang='lat' dir='ltr'><strong>Min.</strong></span> <span class='ocrx_word' id='word_1_18' title='bbox 913 561 973 630; x_wconf 88' lang='lat' dir='ltr'><strong>IV.</strong></span> <span class='ocrx_word' id='word_1_19' title='bbox 998 563 1030 630; x_wconf 99' lang='grc'><strong>4.</strong></span> <span class='ocrx_word' id='word_1_20' title='bbox 1054 585 1090 652; x_wconf 83' lang='lat' dir='ltr'><strong>p.</strong></span> <span class='ocrx_word' id='word_1_21' title='bbox 1109 563 1214 640; x_wconf 44' lang='lat'><strong>⁵53„</strong></span> 
     </span>
     <span class='ocr_line' id='line_1_4' title="bbox 149 665 1017 754; baseline 0.002 -20"><span class='ocrx_word' id='word_1_22' title='bbox 149 668 189 736; x_wconf 86' lang='lat' dir='ltr'><strong>iu</strong></span> <span class='ocrx_word' id='word_1_23' title='bbox 206 693 327 739; x_wconf 80' lang='lat' dir='ltr'><strong>annuc</strong></span> <span class='ocrx_word' id='word_1_24' title='bbox 344 665 507 754; x_wconf 85' lang='lat' dir='ltr'><strong>intelligit</strong></span> <span class='ocrx_word' id='word_1_25' title='bbox 526 692 640 754; x_wconf 81' lang='lat' dir='ltr'><strong>cero,</strong></span> <span class='ocrx_word' id='word_1_26' title='bbox 660 669 714 738; x_wconf 81' lang='lat' dir='ltr'><strong>vel</strong></span> <span class='ocrx_word' id='word_1_27' title='bbox 739 671 924 738; x_wconf 78' lang='lat' dir='ltr'><strong>sestertia.</strong></span> <span class='ocrx_word' id='word_1_28' title='bbox 1014 725 1017 736; x_wconf 91' lang='grc'><em>,</em></span> 
     </span>
    </p>

    <p class='ocr_par' dir='ltr' id='par_1_3' title="bbox 191 777 870 866">
     <span class='ocr_line' id='line_1_5' title="bbox 191 777 870 866; baseline -0.007 -21"><span class='ocrx_word' id='word_1_29' title='bbox 191 781 269 852; x_wconf 85' lang='lat' dir='ltr'><strong>Per</strong></span> <span class='ocrx_word' id='word_1_30' title='bbox 287 780 466 866; x_wconf 81' lang='lat' dir='ltr'><strong>speciem,</strong></span> <span class='ocrx_word' id='word_1_31' title='bbox 488 777 513 840; x_wconf 91' lang='lat' dir='ltr'><strong>i.</strong></span> <span class='ocrx_word' id='word_1_32' title='bbox 535 799 566 843; x_wconf 93' lang='lat' dir='ltr'><strong>e.</strong></span> <span class='ocrx_word' id='word_1_33' title='bbox 590 777 653 845; x_wconf 89' lang='lat' dir='ltr'><strong>sub</strong></span> <span class='ocrx_word' id='word_1_34' title='bbox 678 791 870 866; x_wconf 83' lang='lat' dir='ltr'><strong>praetextu.</strong></span> 
     </span>
    </p>

    <p class='ocr_par' dir='ltr' id='par_1_4' title="bbox 192 867 939 972">
     <span class='ocr_line' id='line_1_6' title="bbox 192 867 939 972; baseline -0.005 -18"><span class='ocrx_word' id='word_1_35' title='bbox 192 884 323 955; x_wconf 83' lang='lat' dir='ltr'><strong>Partes</strong></span> <span class='ocrx_word' id='word_1_36' title='bbox 341 867 490 972; x_wconf 79' lang='lat' dir='ltr'><strong>aequae.</strong></span> <span class='ocrx_word' id='word_1_37' title='bbox 513 885 656 951; x_wconf 79' lang='lat' dir='ltr'><strong>Terent.</strong></span> <span class='ocrx_word' id='word_1_38' title='bbox 680 883 770 950; x_wconf 87' lang='lat' dir='ltr'><strong>Eun.</strong></span> <span class='ocrx_word' id='word_1_39' title='bbox 787 884 814 949; x_wconf 92' lang='grc' dir='ltr'><strong>Ι.</strong></span> <span class='ocrx_word' id='word_1_40' title='bbox 833 904 866 950; x_wconf 78' lang='lat'><strong>2.</strong></span> <span class='ocrx_word' id='word_1_41' title='bbox 889 904 939 950; x_wconf 84' lang='lat'><strong>12.</strong></span> 
     </span>
    </p>
   </div>
   <div class='ocr_carea' id='block_1_3' title="bbox 199 986 1297 1078">
    <p class='ocr_par' dir='ltr' id='par_1_5' title="bbox 199 986 1297 1078">
     <span class='ocr_line' id='line_1_7' title="bbox 199 986 1297 1078; baseline -0.004 -18"><span class='ocrx_word' id='word_1_42' title='bbox 199 993 337 1078; x_wconf 83' lang='lat' dir='ltr'><strong>Quasi,</strong></span> <span class='ocrx_word' id='word_1_43' title='bbox 358 992 382 1056; x_wconf 89' lang='lat' dir='ltr'><strong>i.</strong></span> <span class='ocrx_word' id='word_1_44' title='bbox 409 1012 439 1054; x_wconf 88' lang='lat' dir='ltr'><strong>e.</strong></span> <span class='ocrx_word' id='word_1_45' title='bbox 461 986 762 1078; x_wconf 76' lang='lat' dir='ltr'><strong>quemadmodum.</strong></span> <span class='ocrx_word' id='word_1_46' title='bbox 796 991 870 1058; x_wconf 89' lang='lat' dir='ltr'><strong>Cic.</strong></span> <span class='ocrx_word' id='word_1_47' title='bbox 901 987 947 1056; x_wconf 89' lang='lat' dir='ltr'><strong>de</strong></span> <span class='ocrx_word' id='word_1_48' title='bbox 976 989 1114 1056; x_wconf 88' lang='lat' dir='ltr'><strong>Senect.</strong></span> <span class='ocrx_word' id='word_1_49' title='bbox 1138 1011 1198 1078; x_wconf 59' lang='grc' dir='ltr'><strong>19.Υ</strong></span> <span class='ocrx_word' id='word_1_50' title='bbox 1295 1059 1297 1062; x_wconf 73' lang='grc'><strong>,</strong></span> 
     </span>
    </p>
   </div>
   <div class='ocr_carea' id='block_1_4' title="bbox 149 1095 1265 1511">
    <p class='ocr_par' dir='ltr' id='par_1_6' title="bbox 149 1095 1265 1511">
     <span class='ocr_line' id='line_1_8' title="bbox 149 1095 1190 1192; baseline -0.009 -21"><span class='ocrx_word' id='word_1_51' title='bbox 149 1114 187 1192; x_wconf 83' lang='lat' dir='ltr'><strong>et</strong></span> <span class='ocrx_word' id='word_1_52' title='bbox 211 1101 319 1190; x_wconf 83' lang='lat' dir='ltr'><strong>quusi</strong></span> <span class='ocrx_word' id='word_1_53' title='bbox 337 1119 444 1188; x_wconf 80' lang='lat' dir='ltr'><strong>pomo</strong></span> <span class='ocrx_word' id='word_1_54' title='bbox 459 1119 502 1164; x_wconf 79' lang='lat' dir='ltr'><strong>ex</strong></span> <span class='ocrx_word' id='word_1_55' title='bbox 525 1098 713 1168; x_wconf 74' lang='lat' dir='ltr'><strong><em>arboribus</em></strong></span> <span class='ocrx_word' id='word_1_56' title='bbox 730 1100 771 1166; x_wconf 81' lang='lat' dir='ltr'><strong>oi</strong></span> <span class='ocrx_word' id='word_1_57' title='bbox 793 1101 1012 1166; x_wconf 82' lang='lat' dir='ltr'><strong>avelluntur.</strong></span> <span class='ocrx_word' id='word_1_58' title='bbox 1033 1095 1127 1162; x_wconf 86' lang='lat' dir='ltr'><strong>Flor.</strong></span> <span class='ocrx_word' id='word_1_59' title='bbox 1145 1097 1190 1162; x_wconf 89' lang='lat'><strong>11.</strong></span> 
     </span>
     <span class='ocr_line' id='line_1_9' title="bbox 154 1202 1198 1300; baseline -0.011 -20"><span class='ocrx_word' id='word_1_60' title='bbox 154 1213 207 1280; x_wconf 88' lang='lat'><strong>15.</strong></span> <span class='ocrx_word' id='word_1_61' title='bbox 231 1209 283 1278; x_wconf 82' lang='lat'><strong>15.</strong></span> <span class='ocrx_word' id='word_1_62' title='bbox 315 1205 422 1296; x_wconf 73' lang='lat' dir='ltr'><strong>quest</strong></span> <span class='ocrx_word' id='word_1_63' title='bbox 443 1206 595 1272; x_wconf 75' lang='lat' dir='ltr'><strong>mxima</strong></span> <span class='ocrx_word' id='word_1_64' title='bbox 617 1202 800 1300; x_wconf 83' lang='lat' dir='ltr'><strong>mortiferi</strong></span> <span class='ocrx_word' id='word_1_65' title='bbox 822 1227 898 1272; x_wconf 84' lang='lat' dir='ltr'><strong>esse</strong></span> <span class='ocrx_word' id='word_1_66' title='bbox 920 1227 1062 1271; x_wconf 73' lang='lat' dir='ltr'><strong>morsus</strong></span> <span class='ocrx_word' id='word_1_67' title='bbox 1080 1205 1198 1270; x_wconf 77' lang='lat' dir='ltr'><strong>soient</strong></span> 
     </span>
     <span class='ocr_line' id='line_1_10' title="bbox 151 1311 1265 1395; baseline -0.001 -16"><span class='ocrx_word' id='word_1_68' title='bbox 151 1315 383 1386; x_wconf 82' lang='lat' dir='ltr'><strong>nwrientium</strong></span> <span class='ocrx_word' id='word_1_69' title='bbox 396 1313 614 1395; x_wconf 81' lang='lat' dir='ltr'><strong>bestiarum,</strong></span> <span class='ocrx_word' id='word_1_70' title='bbox 637 1313 691 1378; x_wconf 87' lang='lat' dir='ltr'><strong>sic</strong></span> <span class='ocrx_word' id='word_1_71' title='bbox 707 1325 772 1379; x_wconf 88' lang='lat' dir='ltr'><strong>etc.</strong></span> <span class='ocrx_word' id='word_1_72' title='bbox 795 1311 857 1378; x_wconf 90' lang='lat' dir='ltr'><strong>ubi</strong></span> <span class='ocrx_word' id='word_1_73' title='bbox 876 1335 909 1379; x_wconf 75' lang='lat' dir='ltr'><strong>v.</strong></span> <span class='ocrx_word' id='word_1_74' title='bbox 928 1311 1056 1380; x_wconf 82' lang='lat' dir='ltr'><strong>Duker.</strong></span> <span class='ocrx_word' id='word_1_75' title='bbox 1100 1311 1202 1380; x_wconf 83' lang='lat' dir='ltr'><strong>Haec.</strong></span> <span class='ocrx_word' id='word_1_76' title='bbox 1262 1387 1265 1394; x_wconf 43' lang='grc'><strong>,</strong></span> 
     </span>
     <span class='ocr_line' id='line_1_11' title="bbox 154 1414 1196 1511; baseline 0 -25"><span class='ocrx_word' id='word_1_77' title='bbox 154 1419 243 1486; x_wconf 86' lang='lat' dir='ltr'><strong>ratio</strong></span> <span class='ocrx_word' id='word_1_78' title='bbox 264 1414 362 1485; x_wconf 81' lang='lat' dir='ltr'><strong>valde</strong></span> <span class='ocrx_word' id='word_1_79' title='bbox 381 1418 503 1484; x_wconf 87' lang='lat' dir='ltr'><strong>usitata</strong></span> <span class='ocrx_word' id='word_1_80' title='bbox 519 1433 571 1484; x_wconf 91' lang='lat' dir='ltr'><strong>est</strong></span> <span class='ocrx_word' id='word_1_81' title='bbox 592 1416 693 1483; x_wconf 90' lang='lat' dir='ltr'><strong>huius</strong></span> <span class='ocrx_word' id='word_1_82' title='bbox 710 1417 826 1484; x_wconf 89' lang='lat' dir='ltr'><strong>aetatis</strong></span> <span class='ocrx_word' id='word_1_83' title='bbox 844 1419 1084 1511; x_wconf 79' lang='lat' dir='ltr'><strong>scriptoribus.</strong></span> <span class='ocrx_word' id='word_1_84' title='bbox 1193 1461 1196 1470; x_wconf 85' lang='lat'><em>·</em></span> 
     </span>
    </p>
   </div>
   <div class='ocr_carea' id='block_1_5' title="bbox 198 1522 1197 1718">
    <p class='ocr_par' dir='ltr' id='par_1_7' title="bbox 198 1522 1197 1718">
     <span class='ocr_line' id='line_1_12' title="bbox 204 1522 1192 1617; baseline -0.001 -25"><span class='ocrx_word' id='word_1_85' title='bbox 204 1523 264 1599; x_wconf 84' lang='lat'><strong>51.</strong></span> <span class='ocrx_word' id='word_1_86' title='bbox 288 1525 492 1610; x_wconf 84' lang='lat' dir='ltr'><strong>Decurice,</strong></span> <span class='ocrx_word' id='word_1_87' title='bbox 506 1525 631 1615; x_wconf 82' lang='lat' dir='ltr'><strong>nempe</strong></span> <span class='ocrx_word' id='word_1_88' title='bbox 644 1522 808 1592; x_wconf 89' lang='lat' dir='ltr'><strong>iudicum.</strong></span> <span class='ocrx_word' id='word_1_89' title='bbox 824 1549 856 1592; x_wconf 86' lang='lat' dir='ltr'><strong>v.</strong></span> <span class='ocrx_word' id='word_1_90' title='bbox 871 1541 987 1592; x_wconf 88' lang='lat' dir='ltr'><strong>notata</strong></span> <span class='ocrx_word' id='word_1_91' title='bbox 998 1524 1042 1591; x_wconf 91' lang='lat' dir='ltr'><strong>ad</strong></span> <span class='ocrx_word' id='word_1_92' title='bbox 1053 1528 1192 1617; x_wconf 72' lang='lat' dir='ltr'><strong>cap.41.</strong></span> 
     </span>
     <span class='ocr_line' id='line_1_13' title="bbox 198 1622 1197 1718; baseline 0.003 -25"><span class='ocrx_word' id='word_1_93' title='bbox 198 1624 313 1710; x_wconf 88' lang='lat' dir='ltr'><strong>Albo,</strong></span> <span class='ocrx_word' id='word_1_94' title='bbox 334 1624 375 1708; x_wconf 75' lang='lat' dir='ltr'><strong>i.</strong></span> <span class='ocrx_word' id='word_1_95' title='bbox 390 1647 421 1692; x_wconf 91' lang='lat' dir='ltr'><strong>e.</strong></span> <span class='ocrx_word' id='word_1_96' title='bbox 449 1624 583 1692; x_wconf 87' lang='lat' dir='ltr'><strong>tabulae</strong></span> <span class='ocrx_word' id='word_1_97' title='bbox 605 1622 685 1691; x_wconf 84' lang='lat' dir='ltr'><strong>albo</strong></span> <span class='ocrx_word' id='word_1_98' title='bbox 718 1623 830 1693; x_wconf 81' lang='lat' dir='ltr'><strong>color-c</strong></span> <span class='ocrx_word' id='word_1_99' title='bbox 852 1624 1038 1709; x_wconf 77' lang='lat' dir='ltr'><strong>inductae,</strong></span> <span class='ocrx_word' id='word_1_100' title='bbox 1067 1628 1105 1693; x_wconf 90' lang='lat' dir='ltr'><strong>in</strong></span> <span class='ocrx_word' id='word_1_101' title='bbox 1127 1652 1197 1718; x_wconf 85' lang='lat' dir='ltr'><strong>qua</strong></span> 
     </span>
    </p>
   </div>
   <div class='ocr_carea' id='block_1_6' title="bbox 63 1725 1238 4070">
    <p class='ocr_par' dir='ltr' id='par_1_8' title="bbox 85 1725 1201 2038">
     <span class='ocr_line' id='line_1_14' title="bbox 154 1725 1201 1820; baseline 0.005 -24"><span class='ocrx_word' id='word_1_102' title='bbox 154 1729 295 1796; x_wconf 89' lang='lat' dir='ltr'><strong>nomina</strong></span> <span class='ocrx_word' id='word_1_103' title='bbox 314 1725 527 1820; x_wconf 80' lang='lat' dir='ltr'><strong>singulorum</strong></span> <span class='ocrx_word' id='word_1_104' title='bbox 546 1729 700 1798; x_wconf 86' lang='lat' dir='ltr'><strong>iudicum</strong></span> <span class='ocrx_word' id='word_1_105' title='bbox 723 1731 977 1804; x_wconf 82' lang='lat' dir='ltr'><strong>scribebantur.</strong></span> <span class='ocrx_word' id='word_1_106' title='bbox 1012 1758 1045 1804; x_wconf 88' lang='lat' dir='ltr'><strong>v.</strong></span> <span class='ocrx_word' id='word_1_107' title='bbox 1071 1733 1201 1805; x_wconf 85' lang='lat' dir='ltr'><strong>Claud..</strong></span> 
     </span>
     <span class='ocr_line' id='line_1_15' title="bbox 85 1834 1201 1930; baseline 0.013 -34"><span class='ocrx_word' id='word_1_108' title='bbox 85 1890 88 1896; x_wconf 94' lang='lat'><strong>.</strong></span> <span class='ocrx_word' id='word_1_109' title='bbox 158 1837 209 1903; x_wconf 81' lang='lat'><strong>16.</strong></span> <span class='ocrx_word' id='word_1_110' title='bbox 232 1834 358 1910; x_wconf 83' lang='lat' dir='ltr'><strong>Domit.</strong></span> <span class='ocrx_word' id='word_1_111' title='bbox 383 1836 414 1902; x_wconf 89' lang='grc'><strong>8.</strong></span> <span class='ocrx_word' id='word_1_112' title='bbox 444 1837 542 1930; x_wconf 86' lang='lat' dir='ltr'><strong>Lips.</strong></span> <span class='ocrx_word' id='word_1_113' title='bbox 564 1834 608 1903; x_wconf 83' lang='lat' dir='ltr'><strong>ad</strong></span> <span class='ocrx_word' id='word_1_114' title='bbox 632 1834 746 1914; x_wconf 81' lang='lat' dir='ltr'><strong>Tacit.</strong></span> <span class='ocrx_word' id='word_1_115' title='bbox 776 1838 869 1916; x_wconf 83' lang='lat' dir='ltr'><strong>Ann.</strong></span> <span class='ocrx_word' id='word_1_116' title='bbox 886 1841 946 1910; x_wconf 88' lang='lat' dir='ltr'><strong>IV.</strong></span> <span class='ocrx_word' id='word_1_117' title='bbox 968 1840 1022 1910; x_wconf 76' lang='lat'><strong>42·</strong></span> <span class='ocrx_word' id='word_1_118' title='bbox 1054 1839 1201 1922; x_wconf 48' lang='lat' dir='ltr'><strong>Salmas..</strong></span> 
     </span>
     <span class='ocr_line' id='line_1_16' title="bbox 159 1940 604 2038; baseline 0.004 -27"><span class='ocrx_word' id='word_1_119' title='bbox 159 1943 205 2024; x_wconf 80' lang='lat' dir='ltr'><strong>de</strong></span> <span class='ocrx_word' id='word_1_120' title='bbox 223 1940 321 2019; x_wconf 88' lang='lat' dir='ltr'><strong>Mod.</strong></span> <span class='ocrx_word' id='word_1_121' title='bbox 344 1943 448 2015; x_wconf 83' lang='lat' dir='ltr'><strong>Usur.</strong></span> <span class='ocrx_word' id='word_1_122' title='bbox 469 1968 506 2038; x_wconf 81' lang='lat' dir='ltr'><strong>p.</strong></span> <span class='ocrx_word' id='word_1_123' title='bbox 529 1945 604 2032; x_wconf 85' lang='lat'><strong>678.</strong></span> 
     </span>
    </p>

    <p class='ocr_par' dir='ltr' id='par_1_9' title="bbox 63 2045 1202 2350">
     <span class='ocr_line' id='line_1_17' title="bbox 202 2045 1202 2144; baseline 0.004 -26"><span class='ocrx_word' id='word_1_124' title='bbox 202 2053 444 2128; x_wconf 76' lang='lat' dir='ltr'><strong>Intolerantic</strong></span> <span class='ocrx_word' id='word_1_125' title='bbox 468 2071 627 2129; x_wconf 83' lang='lat' dir='ltr'><strong>morum,</strong></span> <span class='ocrx_word' id='word_1_126' title='bbox 648 2045 672 2117; x_wconf 86' lang='lat' dir='ltr'><strong>l.</strong></span> <span class='ocrx_word' id='word_1_127' title='bbox 700 2073 730 2122; x_wconf 86' lang='lat' dir='ltr'><strong>e.</strong></span> <span class='ocrx_word' id='word_1_128' title='bbox 753 2049 812 2138; x_wconf 84' lang='lat' dir='ltr'><strong>qui</strong></span> <span class='ocrx_word' id='word_1_129' title='bbox 840 2051 924 2118; x_wconf 84' lang='lat' dir='ltr'><strong>ferri</strong></span> <span class='ocrx_word' id='word_1_130' title='bbox 947 2074 1018 2122; x_wconf 85' lang='lat' dir='ltr'><strong>non</strong></span> <span class='ocrx_word' id='word_1_131' title='bbox 1044 2074 1202 2144; x_wconf 72' lang='lat' dir='ltr'><strong>possents</strong></span> 
     </span>
     <span class='ocr_line' id='line_1_18' title="bbox 63 2151 1196 2250; baseline 0.002 -22"><span class='ocrx_word' id='word_1_132' title='bbox 63 2244 64 2249; x_wconf 5' lang='grc' dir='ltr'>ἵ</span> <span class='ocrx_word' id='word_1_133' title='bbox 158 2159 219 2228; x_wconf 86' lang='lat' dir='ltr'><strong>Sic</strong></span> <span class='ocrx_word' id='word_1_134' title='bbox 247 2159 442 2228; x_wconf 81' lang='lat' dir='ltr'><strong>intolerans</strong></span> <span class='ocrx_word' id='word_1_135' title='bbox 465 2155 597 2250; x_wconf 78' lang='lat' dir='ltr'><strong>passive</strong></span> <span class='ocrx_word' id='word_1_136' title='bbox 627 2151 758 2224; x_wconf 84' lang='lat' dir='ltr'><strong>dicitur</strong></span> <span class='ocrx_word' id='word_1_137' title='bbox 785 2179 841 2248; x_wconf 89' lang='lat' dir='ltr'><strong>ap.</strong></span> <span class='ocrx_word' id='word_1_138' title='bbox 867 2158 981 2228; x_wconf 85' lang='lat' dir='ltr'><strong>Tacit.</strong></span> <span class='ocrx_word' id='word_1_139' title='bbox 1007 2160 1101 2232; x_wconf 87' lang='lat' dir='ltr'><strong>Anu.</strong></span> <span class='ocrx_word' id='word_1_140' title='bbox 1133 2165 1196 2232; x_wconf 88' lang='lat'><strong>111.</strong></span> 
     </span>
     <span class='ocr_line' id='line_1_19' title="bbox 155 2257 1115 2350; baseline 0.002 -17"><span class='ocrx_word' id='word_1_141' title='bbox 155 2265 209 2341; x_wconf 83' lang='lat'><strong>45.</strong></span> <span class='ocrx_word' id='word_1_142' title='bbox 223 2257 292 2334; x_wconf 80' lang='lat' dir='ltr'><strong>¹ubi</strong></span> <span class='ocrx_word' id='word_1_143' title='bbox 321 2291 354 2336; x_wconf 87' lang='lat' dir='ltr'><strong>v.</strong></span> <span class='ocrx_word' id='word_1_144' title='bbox 378 2268 530 2336; x_wconf 85' lang='lat' dir='ltr'><strong>Gronov.</strong></span> <span class='ocrx_word' id='word_1_145' title='bbox 1044 2327 1049 2342; x_wconf 75' lang='grc'><strong><em>,</em></strong></span> <span class='ocrx_word' id='word_1_146' title='bbox 1111 2343 1115 2350; x_wconf 41' lang='grc'><strong>,</strong></span> 
     </span>
    </p>

    <p class='ocr_par' dir='ltr' id='par_1_10' title="bbox 158 2362 1204 2780">
     <span class='ocr_line' id='line_1_20' title="bbox 203 2362 1196 2464; baseline 0.005 -25"><span class='ocrx_word' id='word_1_147' title='bbox 203 2373 249 2440; x_wconf 83' lang='lat' dir='ltr'><strong>In</strong></span> <span class='ocrx_word' id='word_1_148' title='bbox 274 2375 449 2459; x_wconf 78' lang='lat' dir='ltr'><strong>antliam,</strong></span> <span class='ocrx_word' id='word_1_149' title='bbox 470 2373 495 2440; x_wconf 91' lang='lat' dir='ltr'><strong>i.</strong></span> <span class='ocrx_word' id='word_1_150' title='bbox 523 2394 554 2440; x_wconf 86' lang='lat' dir='ltr'><strong>e.</strong></span> <span class='ocrx_word' id='word_1_151' title='bbox 578 2362 618 2438; x_wconf 82' lang='lat' dir='ltr'><strong>ut</strong></span> <span class='ocrx_word' id='word_1_152' title='bbox 639 2372 804 2440; x_wconf 84' lang='lat' dir='ltr'><strong>continno</strong></span> <span class='ocrx_word' id='word_1_153' title='bbox 830 2369 960 2464; x_wconf 85' lang='lat' dir='ltr'><strong>pedum</strong></span> <span class='ocrx_word' id='word_1_154' title='bbox 983 2373 1063 2440; x_wconf 87' lang='lat' dir='ltr'><strong>nisu</strong></span> <span class='ocrx_word' id='word_1_155' title='bbox 1085 2391 1196 2444; x_wconf 87' lang='lat' dir='ltr'><strong>rotam</strong></span> 
     </span>
     <span class='ocr_line' id='line_1_21' title="bbox 158 2473 1194 2571; baseline -0.002 -23"><span class='ocrx_word' id='word_1_156' title='bbox 158 2477 448 2566; x_wconf 75' lang='lat' dir='ltr'><strong>circumagerent,</strong></span> <span class='ocrx_word' id='word_1_157' title='bbox 471 2503 540 2571; x_wconf 90' lang='lat' dir='ltr'><strong>qua</strong></span> <span class='ocrx_word' id='word_1_158' title='bbox 564 2500 629 2568; x_wconf 89' lang='lat' dir='ltr'><strong>per</strong></span> <span class='ocrx_word' id='word_1_159' title='bbox 652 2473 876 2548; x_wconf 71' lang='lat' dir='ltr'><strong>tollenonem</strong></span> <span class='ocrx_word' id='word_1_160' title='bbox 892 2501 982 2568; x_wconf 90' lang='lat' dir='ltr'><strong>aqua</strong></span> <span class='ocrx_word' id='word_1_161' title='bbox 1008 2476 1194 2548; x_wconf 86' lang='lat' dir='ltr'><strong>haurieba-</strong></span> 
     </span>
     <span class='ocr_line' id='line_1_22' title="bbox 160 2584 1204 2679; baseline 0.002 -25"><span class='ocrx_word' id='word_1_162' title='bbox 160 2606 227 2656; x_wconf 79' lang='lat' dir='ltr'><strong>tur.</strong></span> <span class='ocrx_word' id='word_1_163' title='bbox 272 2590 346 2657; x_wconf 91' lang='lat' dir='ltr'><strong>Hoc</strong></span> <span class='ocrx_word' id='word_1_164' title='bbox 371 2585 534 2679; x_wconf 87' lang='lat' dir='ltr'><strong>supplicii</strong></span> <span class='ocrx_word' id='word_1_165' title='bbox 552 2609 658 2672; x_wconf 83' lang='lat' dir='ltr'><strong>genus</strong></span> <span class='ocrx_word' id='word_1_166' title='bbox 676 2601 917 2658; x_wconf 84' lang='lat' dir='ltr'><strong>commemorat</strong></span> <span class='ocrx_word' id='word_1_167' title='bbox 936 2584 1148 2666; x_wconf 77' lang='lat' dir='ltr'><strong>Artemidos.</strong></span> <span class='ocrx_word' id='word_1_168' title='bbox 1167 2590 1204 2656; x_wconf 79' lang='lat'><strong>1.</strong></span> 
     </span>
     <span class='ocr_line' id='line_1_23' title="bbox 158 2692 1100 2780; baseline -0.01 -12"><span class='ocrx_word' id='word_1_169' title='bbox 158 2699 211 2768; x_wconf 80' lang='lat'><strong>50.</strong></span> <span class='ocrx_word' id='word_1_170' title='bbox 234 2719 264 2765; x_wconf 79' lang='grc' dir='ltr'><strong>ν.</strong></span> <span class='ocrx_word' id='word_1_171' title='bbox 287 2696 432 2766; x_wconf 89' lang='lat' dir='ltr'><strong>Casaub.</strong></span> <span class='ocrx_word' id='word_1_172' title='bbox 455 2692 499 2760; x_wconf 90' lang='lat' dir='ltr'><strong>ad</strong></span> <span class='ocrx_word' id='word_1_173' title='bbox 521 2692 558 2762; x_wconf 87' lang='lat' dir='ltr'><strong>h.</strong></span> <span class='ocrx_word' id='word_1_174' title='bbox 579 2692 607 2762; x_wconf 97' lang='lat' dir='ltr'><strong>l.</strong></span> <span class='ocrx_word' id='word_1_175' title='bbox 1014 2772 1018 2780; x_wconf 29' lang='grc' dir='ltr'>Ι</span> <span class='ocrx_word' id='word_1_176' title='bbox 1097 2763 1100 2770; x_wconf 25' lang='lat'><strong>⁴</strong></span> 
     </span>
    </p>

    <p class='ocr_par' dir='ltr' id='par_1_11' title="bbox 156 2802 1204 3312">
     <span class='ocr_line' id='line_1_24' title="bbox 208 2802 1194 2893; baseline -0.004 -16"><span class='ocrx_word' id='word_1_177' title='bbox 208 2802 267 2879; x_wconf 87' lang='lat'><strong>52.</strong></span> <span class='ocrx_word' id='word_1_178' title='bbox 311 2804 443 2874; x_wconf 84' lang='lat' dir='ltr'><strong>Animi</strong></span> <span class='ocrx_word' id='word_1_179' title='bbox 446 2803 622 2893; x_wconf 75' lang='lat' dir='ltr'><strong>fluxioris</strong></span> <span class='ocrx_word' id='word_1_180' title='bbox 629 2853 640 2890; x_wconf 93' lang='lat'><strong>,</strong></span> <span class='ocrx_word' id='word_1_181' title='bbox 662 2805 686 2875; x_wconf 92' lang='lat' dir='ltr'><strong>i.</strong></span> <span class='ocrx_word' id='word_1_182' title='bbox 705 2827 736 2873; x_wconf 86' lang='lat' dir='ltr'><strong>a.</strong></span> <span class='ocrx_word' id='word_1_183' title='bbox 756 2803 912 2891; x_wconf 87' lang='lat' dir='ltr'><strong>mobilis,</strong></span> <span class='ocrx_word' id='word_1_184' title='bbox 935 2824 1007 2871; x_wconf 91' lang='lat' dir='ltr'><strong>non</strong></span> <span class='ocrx_word' id='word_1_185' title='bbox 1026 2819 1194 2873; x_wconf 71' lang='lat' dir='ltr'><strong>constan·-</strong></span> 
     </span>
     <span class='ocr_line' id='line_1_25' title="bbox 159 2893 1203 2995; baseline 0.007 -28"><span class='ocrx_word' id='word_1_186' title='bbox 159 2893 212 2981; x_wconf 82' lang='lat' dir='ltr'><strong>lis.</strong></span> <span class='ocrx_word' id='word_1_187' title='bbox 235 2903 373 2975; x_wconf 85' lang='lat' dir='ltr'><strong>Sallust.</strong></span> <span class='ocrx_word' id='word_1_188' title='bbox 393 2899 497 2975; x_wconf 87' lang='lat' dir='ltr'><strong>Catil.</strong></span> <span class='ocrx_word' id='word_1_189' title='bbox 521 2902 573 2972; x_wconf 79' lang='lat'><strong>14.</strong></span> <span class='ocrx_word' id='word_1_190' title='bbox 601 2906 716 2972; x_wconf 84' lang='lat' dir='ltr'><strong>animi</strong></span> <span class='ocrx_word' id='word_1_191' title='bbox 735 2909 856 2974; x_wconf 78' lang='lat' dir='ltr'><strong>molles</strong></span> <span class='ocrx_word' id='word_1_192' title='bbox 884 2901 928 2974; x_wconf 75' lang='lat' dir='ltr'><strong>et&#39;</strong></span> <span class='ocrx_word' id='word_1_193' title='bbox 948 2919 1072 2974; x_wconf 84' lang='lat' dir='ltr'><strong>aetate</strong></span> <span class='ocrx_word' id='word_1_194' title='bbox 1085 2907 1203 2995; x_wconf 59' lang='lat' dir='ltr'><strong>fluxis</strong></span> 
     </span>
     <span class='ocr_line' id='line_1_26' title="bbox 158 3007 1199 3103; baseline 0.001 -26"><span class='ocrx_word' id='word_1_195' title='bbox 158 3011 293 3094; x_wconf 73' lang='lat' dir='ltr'><strong>Fluere</strong></span> <span class='ocrx_word' id='word_1_196' title='bbox 312 3031 349 3084; x_wconf 89' lang='lat' dir='ltr'><strong>et</strong></span> <span class='ocrx_word' id='word_1_197' title='bbox 370 3013 480 3103; x_wconf 79' lang='lat' dir='ltr'><strong>fluxa</strong></span> <span class='ocrx_word' id='word_1_198' title='bbox 507 3033 584 3077; x_wconf 83' lang='lat' dir='ltr'><strong>esse</strong></span> <span class='ocrx_word' id='word_1_199' title='bbox 606 3009 751 3101; x_wconf 85' lang='lat' dir='ltr'><strong>proprie</strong></span> <span class='ocrx_word' id='word_1_200' title='bbox 776 3007 971 3095; x_wconf 85' lang='lat' dir='ltr'><strong>dicuntur,</strong></span> <span class='ocrx_word' id='word_1_201' title='bbox 1008 3034 1096 3101; x_wconf 82' lang='lat' dir='ltr'><strong>quae</strong></span> <span class='ocrx_word' id='word_1_202' title='bbox 1125 3037 1199 3081; x_wconf 89' lang='lat' dir='ltr'><strong>non</strong></span> 
     </span>
     <span class='ocr_line' id='line_1_27' title="bbox 156 3108 1204 3203; baseline 0.004 -17"><span class='ocrx_word' id='word_1_203' title='bbox 156 3119 288 3187; x_wconf 83' lang='lat' dir='ltr'><strong>habent</strong></span> <span class='ocrx_word' id='word_1_204' title='bbox 312 3113 651 3203; x_wconf 50' lang='lat' dir='ltr'><strong>firmitatem,‚saciltt</strong></span> <span class='ocrx_word' id='word_1_205' title='bbox 680 3108 894 3186; x_wconf 78' lang='lat' dir='ltr'><strong>dilabuntur.</strong></span> <span class='ocrx_word' id='word_1_206' title='bbox 917 3140 949 3187; x_wconf 87' lang='lat' dir='ltr'><strong>v.</strong></span> <span class='ocrx_word' id='word_1_207' title='bbox 970 3120 1130 3192; x_wconf 79' lang='lat' dir='ltr'><strong>Gronov.</strong></span> <span class='ocrx_word' id='word_1_208' title='bbox 1152 3121 1204 3190; x_wconf 77' lang='lat' dir='ltr'><strong>ed·</strong></span> 
     </span>
     <span class='ocr_line' id='line_1_28' title="bbox 158 3224 473 3312; baseline -0.003 -20"><span class='ocrx_word' id='word_1_209' title='bbox 158 3226 233 3300; x_wconf 86' lang='lat' dir='ltr'><strong>Liv.</strong></span> <span class='ocrx_word' id='word_1_210' title='bbox 253 3224 399 3304; x_wconf 82' lang='lat' dir='ltr'><strong>XXVII.</strong></span> <span class='ocrx_word' id='word_1_211' title='bbox 423 3246 473 3312; x_wconf 89' lang='lat'><strong>17.</strong></span> 
     </span>
    </p>

    <p class='ocr_par' dir='ltr' id='par_1_12' title="bbox 157 3323 1218 3532">
     <span class='ocr_line' id='line_1_29' title="bbox 201 3323 1196 3416; baseline 0.002 -15"><span class='ocrx_word' id='word_1_212' title='bbox 201 3335 313 3414; x_wconf 81' lang='lat' dir='ltr'><strong>Vitae</strong></span> <span class='ocrx_word' id='word_1_213' title='bbox 344 3331 590 3413; x_wconf 82' lang='lat' dir='ltr'><strong>remissioris,</strong></span> <span class='ocrx_word' id='word_1_214' title='bbox 625 3329 651 3400; x_wconf 89' lang='lat' dir='ltr'><strong>i.</strong></span> <span class='ocrx_word' id='word_1_215' title='bbox 679 3351 710 3398; x_wconf 82' lang='lat' dir='ltr'><strong>e.</strong></span> <span class='ocrx_word' id='word_1_216' title='bbox 746 3323 948 3415; x_wconf 73' lang='lat' dir='ltr'><strong>negligentis</strong></span> <span class='ocrx_word' id='word_1_217' title='bbox 961 3379 972 3416; x_wconf 89' lang='lat'><strong>,</strong></span> <span class='ocrx_word' id='word_1_218' title='bbox 1003 3333 1196 3408; x_wconf 85' lang='lat' dir='ltr'><strong>dissolutae.</strong></span> 
     </span>
     <span class='ocr_line' id='line_1_30' title="bbox 157 3429 1218 3532; baseline 0 -26"><span class='ocrx_word' id='word_1_219' title='bbox 157 3441 335 3512; x_wconf 80' lang='lat' dir='ltr'><strong>Animum</strong></span> <span class='ocrx_word' id='word_1_220' title='bbox 360 3439 531 3508; x_wconf 84' lang='lat' dir='ltr'><strong>omissum</strong></span> <span class='ocrx_word' id='word_1_221' title='bbox 553 3429 641 3498; x_wconf 88' lang='lat' dir='ltr'><strong>dicit</strong></span> <span class='ocrx_word' id='word_1_222' title='bbox 667 3433 809 3501; x_wconf 86' lang='lat' dir='ltr'><strong>Terent.</strong></span> <span class='ocrx_word' id='word_1_223' title='bbox 831 3435 953 3506; x_wconf 88' lang='lat' dir='ltr'><strong>Heaut.</strong></span> <span class='ocrx_word' id='word_1_224' title='bbox 974 3441 1018 3509; x_wconf 86' lang='lat' dir='ltr'><strong>V·</strong></span> <span class='ocrx_word' id='word_1_225' title='bbox 1040 3461 1072 3506; x_wconf 81' lang='lat'><strong>2.</strong></span> <span class='ocrx_word' id='word_1_226' title='bbox 1087 3463 1118 3532; x_wconf 81' lang='lat'><strong>9.</strong></span> <span class='ocrx_word' id='word_1_227' title='bbox 1146 3491 1149 3498; x_wconf 90' lang='lat'><strong>.</strong></span> <span class='ocrx_word' id='word_1_228' title='bbox 1193 3477 1218 3500; x_wconf 78' lang='lat'><strong>.-</strong></span> 
     </span>
    </p>

    <p class='ocr_par' dir='ltr' id='par_1_13' title="bbox 151 3540 1238 3842">
     <span class='ocr_line' id='line_1_31' title="bbox 203 3540 1201 3634; baseline 0.008 -24"><span class='ocrx_word' id='word_1_229' title='bbox 203 3544 396 3611; x_wconf 83' lang='lat' dir='ltr'><strong>Iustitium</strong></span> <span class='ocrx_word' id='word_1_230' title='bbox 425 3557 498 3624; x_wconf 87' lang='lat' dir='ltr'><strong>est,</strong></span> <span class='ocrx_word' id='word_1_231' title='bbox 530 3561 608 3608; x_wconf 90' lang='lat' dir='ltr'><strong>cum</strong></span> <span class='ocrx_word' id='word_1_232' title='bbox 628 3540 680 3609; x_wconf 84' lang='lat' dir='ltr'><strong>ius</strong></span> <span class='ocrx_word' id='word_1_233' title='bbox 711 3557 804 3627; x_wconf 85' lang='lat' dir='ltr'><strong>stat,</strong></span> <span class='ocrx_word' id='word_1_234' title='bbox 843 3567 921 3612; x_wconf 89' lang='lat' dir='ltr'><strong>cum</strong></span> <span class='ocrx_word' id='word_1_235' title='bbox 943 3545 1137 3615; x_wconf 89' lang='lat' dir='ltr'><strong>iurisdictio</strong></span> <span class='ocrx_word' id='word_1_236' title='bbox 1164 3568 1201 3634; x_wconf 85' lang='lat' dir='ltr'><strong>et</strong></span> 
     </span>
     <span class='ocr_line' id='line_1_32' title="bbox 157 3648 1206 3740; baseline -0.003 -21"><span class='ocrx_word' id='word_1_237' title='bbox 157 3648 285 3732; x_wconf 84' lang='lat' dir='ltr'><strong>iudicia</strong></span> <span class='ocrx_word' id='word_1_238' title='bbox 304 3651 447 3740; x_wconf 89' lang='lat' dir='ltr'><strong>publica</strong></span> <span class='ocrx_word' id='word_1_239' title='bbox 466 3671 541 3726; x_wconf 86' lang='lat' dir='ltr'><strong>non</strong></span> <span class='ocrx_word' id='word_1_240' title='bbox 567 3667 788 3737; x_wconf 84' lang='lat' dir='ltr'><strong>exercentur,</strong></span> <span class='ocrx_word' id='word_1_241' title='bbox 808 3669 847 3720; x_wconf 88' lang='lat' dir='ltr'><strong>ut</strong></span> <span class='ocrx_word' id='word_1_242' title='bbox 868 3655 906 3720; x_wconf 90' lang='lat' dir='ltr'><strong>in</strong></span> <span class='ocrx_word' id='word_1_243' title='bbox 933 3649 1076 3740; x_wconf 86' lang='lat' dir='ltr'><strong>publico</strong></span> <span class='ocrx_word' id='word_1_244' title='bbox 1102 3652 1206 3722; x_wconf 87' lang='lat' dir='ltr'><strong>luctu.</strong></span> 
     </span>
     <span class='ocr_line' id='line_1_33' title="bbox 151 3753 1238 3842; baseline 0.002 -15"><span class='ocrx_word' id='word_1_245' title='bbox 151 3759 235 3842; x_wconf 56' lang='lat' dir='ltr'><strong>,lieri</strong></span> <span class='ocrx_word' id='word_1_246' title='bbox 252 3758 396 3834; x_wconf 86' lang='lat' dir='ltr'><strong>solebat.</strong></span> <span class='ocrx_word' id='word_1_247' title='bbox 417 3783 449 3829; x_wconf 88' lang='lat' dir='ltr'><strong>v.</strong></span> <span class='ocrx_word' id='word_1_248' title='bbox 473 3753 573 3828; x_wconf 82' lang='lat' dir='ltr'><strong>Gall..</strong></span> <span class='ocrx_word' id='word_1_249' title='bbox 587 3756 667 3826; x_wconf 89' lang='lat' dir='ltr'><strong>XX.</strong></span> <span class='ocrx_word' id='word_1_250' title='bbox 691 3778 721 3826; x_wconf 83' lang='lat' dir='ltr'><strong>t·</strong></span> <span class='ocrx_word' id='word_1_251' title='bbox 744 3775 779 3826; x_wconf 87' lang='lat' dir='ltr'><strong>et</strong></span> <span class='ocrx_word' id='word_1_252' title='bbox 797 3759 871 3831; x_wconf 90' lang='lat' dir='ltr'><strong>Cal.</strong></span> <span class='ocrx_word' id='word_1_253' title='bbox 895 3764 917 3830; x_wconf 88' lang='lat'><em>5</em></span> <span class='ocrx_word' id='word_1_254' title='bbox 937 3774 973 3825; x_wconf 90' lang='lat' dir='ltr'><strong>et</strong></span> <span class='ocrx_word' id='word_1_255' title='bbox 990 3759 1042 3829; x_wconf 77' lang='grc'><strong>24.</strong></span> <span class='ocrx_word' id='word_1_256' title='bbox 1140 3821 1141 3826; x_wconf 70' lang='grc'>,</span> <span class='ocrx_word' id='word_1_257' title='bbox 1237 3815 1238 3818; x_wconf 63' lang='lat'><strong>,</strong></span> 
     </span>
    </p>

    <p class='ocr_par' dir='ltr' id='par_1_14' title="bbox 160 3864 1201 4070">
     <span class='ocr_line' id='line_1_34' title="bbox 201 3864 1201 3961; baseline 0.001 -23"><span class='ocrx_word' id='word_1_258' title='bbox 201 3869 330 3938; x_wconf 87' lang='lat' dir='ltr'><strong>Vicem</strong></span> <span class='ocrx_word' id='word_1_259' title='bbox 349 3887 473 3944; x_wconf 82' lang='lat' dir='ltr'><strong>eorum</strong></span> <span class='ocrx_word' id='word_1_260' title='bbox 494 3867 632 3953; x_wconf 80' lang='lat' dir='ltr'><strong>dolere,</strong></span> <span class='ocrx_word' id='word_1_261' title='bbox 663 3869 686 3936; x_wconf 90' lang='lat' dir='ltr'><strong>i.</strong></span> <span class='ocrx_word' id='word_1_262' title='bbox 714 3889 745 3935; x_wconf 89' lang='lat' dir='ltr'><strong>e.</strong></span> <span class='ocrx_word' id='word_1_263' title='bbox 776 3864 894 3936; x_wconf 92' lang='lat' dir='ltr'><strong>dolere</strong></span> <span class='ocrx_word' id='word_1_264' title='bbox 920 3864 980 3954; x_wconf 82' lang='lat' dir='ltr'><strong>id,</strong></span> <span class='ocrx_word' id='word_1_265' title='bbox 1010 3868 1105 3961; x_wconf 93' lang='lat' dir='ltr'><strong>quod</strong></span> <span class='ocrx_word' id='word_1_266' title='bbox 1133 3868 1201 3938; x_wconf 87' lang='lat' dir='ltr'><strong>illis</strong></span> 
     </span>
     <span class='ocr_line' id='line_1_35' title="bbox 160 3970 1198 4070; baseline 0.004 -26"><span class='ocrx_word' id='word_1_267' title='bbox 160 3973 312 4062; x_wconf 80' lang='lat' dir='ltr'><strong>contigit.</strong></span> <span class='ocrx_word' id='word_1_268' title='bbox 358 3971 563 4066; x_wconf 83' lang='lat' dir='ltr'><strong>Supplenda</strong></span> <span class='ocrx_word' id='word_1_269' title='bbox 582 3989 634 4045; x_wconf 89' lang='lat' dir='ltr'><strong>est</strong></span> <span class='ocrx_word' id='word_1_270' title='bbox 658 3970 869 4070; x_wconf 83' lang='lat' dir='ltr'><strong>praepositio</strong></span> <span class='ocrx_word' id='word_1_271' title='bbox 894 3974 936 4044; x_wconf 81' lang='lat' dir='ltr'><strong>ob</strong></span> <span class='ocrx_word' id='word_1_272' title='bbox 960 3973 1014 4047; x_wconf 83' lang='lat' dir='ltr'><strong>rel</strong></span> <span class='ocrx_word' id='word_1_273' title='bbox 1030 3993 1198 4069; x_wconf 82' lang='lat' dir='ltr'><strong>propter.</strong></span> 
     </span>
    </p>
   </div>
   <div class='ocr_carea' id='block_1_7' title="bbox 687 4085 1197 4178">
    <p class='ocr_par' dir='ltr' id='par_1_15' title="bbox 687 4085 1197 4178">
     <span class='ocr_line' id='line_1_36' title="bbox 687 4085 1197 4178; baseline -0.002 -17"><span class='ocrx_word' id='word_1_274' title='bbox 687 4085 951 4178; x_wconf 34' lang='lat' dir='ltr'><strong>ow</strong></span> <span class='ocrx_word' id='word_1_275' title='bbox 1166 4115 1197 4160; x_wconf 69' lang='lat' dir='ltr'><strong>v.</strong></span> 
     </span>
    </p>
   </div>
   <div class='ocr_carea' id='block_1_8' title="bbox 0 0 1418 4512">
    <p class='ocr_par' dir='ltr' id='par_1_16' title="bbox 0 0 1418 4512">
     <span class='ocr_line' id='line_1_37' title="bbox 0 0 1418 4512; baseline 0 0"><span class='ocrx_word' id='word_1_276' title='bbox 0 0 1418 4512; x_wconf 95' lang='lat' dir='ltr'><strong> </strong></span> 
     </span>
    </p>
   </div>
  </div>
 </body>
</html>
