2814 4514
166 325 169 330 ·
244 302 313 380 mo
519 261 977 380 ‘ettuntus

292 485 362 565 38,
409 487 617 578 Utrumque.
642 484 700 552 Sic
718 499 812 550 reete
832 481 915 550 libri
928 497 1072 563 peteret.
1101 479 1187 546 Nem
1206 465 1286 547 sate

169 586 171 594 ’
250 610 296 679 pe
322 586 495 653 femininis
528 584 710 652 subiicitur
733 575 895 652 neutrum
931 602 1046 669 genus.
1069 578 1291 650 Liv.XL1V.

251 697 309 764 56
351 692 551 762 Lassitudo
578 705 615 759 et
641 693 725 759 sitis
750 693 827 796 iope
848 691 1092 770 sentiebatur,
1115 701 1153 756 et
1174 688 1290 754 meri-r

249 803 310 870 die
332 803 492 869 instante
511 797 630 884 magis
653 765 885 864 accessurum
906 811 1099 884 utrumque
1126 817 1290 885 appare-

250 908 328 974 lmte
346 907 408 973 ubi
427 929 459 973 v.
482 903 656 971 Dr.alrenb
678 899 863 976 edd.1ntt.
886 901 967 982 ιιι,

296 1010 475 1080 Sudeunti
496 1007 708 1090 Tiberim,
697 1030 722 1075 1.
744 1031 774 1076 e.
797 1011 917 1076 emori
937 1010 1147 1098 ingredienti
1168 1011 1293 1080 ostium

251 1114 404 1186 Tiberis.
439 1113 562 1201 virgil.
594 1114 683 1182 Aen.
709 1114 772 1186 III.
802 1137 879 1206 ²9²·
914 1136 1098 1211 portuque
1128 1121 1292 1187 eudimus

254 1225 426 1306 Chaonio.
467 1221 659 1309 Perperam·
673 1223 888 1292 Burmannus
914 1229 958 1294 ad
980 1228 1070 1303 Vell.
1092 1229 1225 1308 Petere.
1248 1229 1294 1308 ΙΙ,

251 1334 306 1403 45.
329 1331 451 1399 subire
479 1330 643 1401 Tiberim
659 1329 821 1424 ⁴explicet
838 1330 981 1403 adverso
1004 1337 1127 1405 Tiberi
1149 1340 1292 1424 naviga-

249 1461 312 1508 ιιι
336 1437 430 1531 quod
453 1436 490 1505 h.
510 1435 536 1505 l.
559 1437 709 1504 alienum
727 1461 824 1522 esse,
849 1455 1026 1508 contextus
1046 1441 1160 1512 docet.

295 1547 342 1615 In
361 1546 524 1612 ordinem
544 1568 582 1612 se
605 1560 789 1633 eoactum,
811 1546 835 1611 i.
860 1570 891 1612 e.
915 1571 951 1614 se
972 1565 1203 1635 contemtum,
1224 1549 1293 1619 de·

250 1652 398 1746 spicatui
420 1648 578 1716 habitum
595 1672 677 1720 esse.
701 1651 776 1722 Liv.
798 1653 911 1723 XXV.
933 1655 967 1724 4.
990 1657 1152 1725 tribunos
1170 1660 1209 1727 in
1226 1683 1292 1726 ora

144 1763 146 1770 ’
253 1760 375 1828 dinem
400 1756 571 1842 ooi'gisse.
594 1754 656 1821 uhi
680 1778 712 1824 v.
728 1745 819 1828 ‘Inte
841 1764 947 1858 Vesp.
967 1764 1017 1830 15.
1039 1767 1293 1838 altercationi.
1388 1786 1389 1814 ι

250 1871 328 1938 dus.
352 1862 639 1933 insolentissimis
677 1886 796 1952 poene
818 1869 867 1936 ,in
907 1868 1070 1940 ordinem
1110 1876 1294 1954 redactos.

161 2039 165 2044 .
251 1977 346 2045 Haeo
369 1968 538 2062 loquendi
559 1966 706 2037 formula
722 1968 833 2045 ,dueta
854 1990 906 2041 est
927 1998 947 2039 a
967 1975 1114 2062 militia,
1135 1980 1197 2048 u'bi
1221 1980 1293 2046 mi-

251 2084 331 2153 lites
352 2099 449 2152 extra
471 2075 629 2146 ordinem
653 2100 752 2150 suum
781 2080 818 2144 in
848 2081 980 2166 agmine
1004 2084 1150 2168 egressi,
1172 2108 1193 2149 a
1220 2081 1292 2156 du·

253 2193 351 2263 cibus
372 2195 409 2260 in
429 2189 591 2257 ordinem
610 2189 694 2276 cogi
715 2185 892 2254 dicuntur.

180 2345 183 2352 ·
251 2339 254 2346 ·
296 2294 631 2386 intemperantius,
668 2295 693 2361 i.
720 2317 752 2362 e.
784 2310 824 2362 ut
846 2285 1001 2360 uteretur
1028 2294 1297 2388 intemperantis

249 2402 399 2492 linguae.
892 2431 895 2434 ·

184 2571 185 2578 ,
295 2509 504 2634 Affttieeet,
528 2520 692 2594 tanquam
711 2521 877 2597 petronus
889 2552 901 2591 ,
922 2504 976 2574 vel
1003 2503 1210 2596 advocatus,
1234 2516 1295 2606 qui

249 2616 396 2712 proprie
410 2610 538 2680 dieitur
556 2613 696 2680 edesse.
792 2629 797 2640 ·

297 2727 339 2800 V
334 2727 475 2804 ellicus,
498 2719 561 2786 etsi
578 2719 722 2812 proprie
744 2719 894 2805 dieitur,
918 2723 978 2814 qui
1005 2739 1102 2790 curet
1122 2723 1219 2804 villos
1240 2728 1294 2798 vel

249 2811 397 2927 praedit
421 2824 570 2907 rustica,
592 2847 694 2916 saepe
717 2842 829 2894 temen
855 2844 907 2893 est
930 2828 1078 2921 quilibet
1104 2809 1290 2931 dispensa-

252 2957 309 3010 tor
330 2953 366 3006 et
392 2945 619 3018 oeconomus,
653 2935 754 3003 etiam
779 2937 818 3004 in
846 2937 946 3005 urbe.
969 2963 1000 3006 v.
1028 2937 1153 3007 Getull.
1176 2941 1291 3012 Carm.

155 3125 158 3131 ,
232 3046 330 3117 ··LX.
354 3041 428 3114 156.
449 3054 485 3106 et
506 3039 556 3106 ihi
577 3042 623 3115 Is.
646 3043 934 3130 Vossium,1tem
958 3046 1100 3117 Salmas.
1117 3045 1161 3114 ad
1183 3051 1291 3119 Lam-

248 3155 347 3251 prid.
369 3150 467 3223 Alex.
492 3151 607 3220 Sever.
628 3151 679 3222 15.

242 3296 248 3304 ·
293 3262 362 3333 Ad
379 3271 586 3348 susceptam
600 3262 814 3344 stationem,
836 3263 861 3329 i.
881 3285 912 3329 e.
934 3258 1013 3327 ad
997 3275 1195 3351 susceptum
1208 3287 1291 3331 mu-

250 3373 319 3445 n'us
335 3369 487 3462 imperii.
532 3367 653 3434 Statio
676 3370 819 3457 proprie
845 3385 896 3437 est
903 3367 1086 3436 militumt
1108 3368 1192 3436 inde
1208 3371 1293 3437 uni-

240 3489 348 3555 'verse
366 3479 512 3548 sumitur
531 3500 597 3569 pro
623 3497 787 3554 munere,
811 3475 905 3566 quod
930 3473 1031 3544 alicui
1051 3472 1295 3545 demandatum

254 3605 319 3657 est.
340 3611 374 3656 v.
395 3585 487 3655 Plin.
505 3585 632 3670 Paneg.
656 3607 688 3671 7.
711 3597 746 3646 et
773 3581 822 3647 ibi
843 3581 968 3651 Swarz.
1012 3585 1121 3671 Negat
1141 3585 1196 3654 Gl.
1221 3585 1292 3652 Er·-

253 3713 371 3766 nestus
385 3694 626 3784 ,antiquiores
649 3691 833 3779 scriptores
851 3684 1043 3759 stationem
1064 3717 1130 3817 pro
1149 3695 1295 3788 imperio

235 3803 393 3870 dixisse.
437 3800 502 3865 Cui
530 3793 716 3863 satisfecit
743 3793 973 3886 Oudendorp.
1000 3822 1042 3864 ex
1068 3802 1146 3888 ipso
1169 3803 1293 3889 Augu-

238 3907 311 3981 ¹tto
325 3935 380 4000 ιιι).
399 3906 489 3978 Gell.
508 3906 585 3975 XV.
607 3929 639 3992 ι.
663 3923 699 3972 et
719 3889 808 3974 Vell.
827 3905 898 3969 Pat.
920 3904 966 3970 ll.
985 3908 1057 3974 124.

298 4028 413 4107 Μωιῶν
438 4013 635 4097 citiorem,
659 4010 682 4076 i.
705 4035 734 4076 o.
757 4008 937 4078 stultorum
965 4010 1131 4084 exaltatio.
1163 4041 1195 4084 v.
1222 4019 1294 4084 Co·

1195 4121 1291 4190 saub.
