2812 4512
206 309 265 380 sos
498 295 866 405 'ca-usar..
975 359 977 364 ,

202 514 280 557 rum
303 489 421 588 docet,
446 506 516 586 tum
539 497 744 583 optimorum
773 491 884 564 Codd.
912 491 1121 572 auctoritas.
1145 491 1233 566 Nam

203 613 281 678 uta
312 601 438 686 niger,
470 602 588 696 nigri,
622 604 807 688 reignire,
842 600 1009 688 epigri,
1037 602 1232 690 pignero,
1278 677 1282 684 Ι

204 703 289 798 stica
310 703 451 788 creber,
474 709 611 791 crebri,
635 709 826 793 crebresce.
849 729 881 773 v.
904 701 1066 788 Oudend.
1084 702 1127 768 ad
1149 703 1184 771 h.
1206 703 1230 768 l.

218 882 225 892 ‚
249 810 443 892 Deiectus,
476 835 520 878 an
551 813 702 880 dilectus
725 814 917 894 scribatur,
939 807 1039 896 =nibil
1058 807 1176 873 refert.
1194 809 1232 874 'v.

204 915 330 986 Graes.
354 913 395 979 ad
420 915 455 982 b.
477 917 502 984 l.
526 935 560 986 et
583 917 756 1002 Drakenb.
780 915 823 982 ad
841 917 915 983 Liv.
935 913 1115 982 XXXVII.
1136 914 1188 980 51.

219 1095 224 1101 ¹
254 1021 596 1102 Quindecimvirum..
642 1022 851 1113 Tarquinius
871 1021 1045 1111 Superbus
1070 1020 1234 1091 duumvi-
1341 1055 1344 1068 ι

146 1159 153 1174 ·
207 1150 263 1195 ros
284 1127 450 1214 instituit,
475 1131 534 1220 qui
555 1129 661 1210 libros
682 1126 867 1218 Sibyllinos
889 1143 1074 1194 servarent.
1097 1152 1128 1212 y.
1146 1129 1234 1195 Dio·

208 1217 281 1324 nys.
305 1233 378 1300 Hal.
403 1235 463 1302 IV.
486 1259 522 1326 p.
544 1237 614 1324 259.
658 1237 738 1302 Post
757 1235 860 1300 creati
881 1248 960 1298 sunt
983 1228 1176 1300 decemviri.
1200 1257 1233 1319 y.

208 1343 285 1412 Liv.
308 1344 368 1411 VI.
391 1347 443 1428 57.
467 1343 517 1407 42.
564 1335 720 1407 Tandem
739 1363 856 1406 eorum
882 1361 1042 1408 numerus
1063 1337 1106 1403 ad
1126 1339 1234 1428 quin-

208 1447 321 1515 decim
343 1463 459 1538 auctus
482 1457 546 1511 est.
569 1471 601 1512 v.
626 1445 779 1512 Coelium
804 1445 847 1512 ad
877 1448 949 1514 Cic.
977 1446 1043 1536 Ep.
1070 1447 1101 1514 4.
1125 1461 1159 1512 et
1185 1444 1237 1510 ibi

206 1555 345 1634 Manut.
384 1555 511 1620 Munus
533 1577 649 1620 eorum
677 1570 781 1640 erat,
802 1554 913 1620 libros·
936 1552 1126 1642 Sibyllinos·
1151 1550 1237 1618 dili-

208 1676 327 1746 genter
348 1658 538 1750 custodire,
561 1675 595 1725 et
617 1684 672 1728 eos
684 1671 700 1746 ,'
716 1664 859 1730 Senatus
878 1663 988 1744 iussu,
1011 1658 1142 1726 difficili
1161 1661 1237 1726 rei-

208 1764 370 1857 publicae
398 1782 568 1858 temporc,
592 1768 644 1834 vel
668 1769 833 1861 prodigiis
861 1769 1069 1858 ostentisque
1095 1767 1239 1833 nuntia-

211 1876 277 1956 tis,
300 1873 403 1939 adire
425 1870 478 1938 vel
505 1879 706 1958 consulere,
729 1893 768 1941 ut
797 1893 925 1962 veteres
948 1873 1088 1964 proprie
1111 1870 1239 1961 loque-

143 2067 145 2070 ·
209 1979 358 2062 bantur,
380 1976 483 2068 edere
506 1982 618 2063 Deos,
642 1971 766 2071 quibus
792 1982 1063 2060 sacrificaretur,
1085 1977 1240 2065 impera-

145 2071 150 2084 „
211 2112 268 2171 re,
292 2111 377 2176 quae
395 2110 447 2152 res
465 2083 598 2154 ditinae
625 2088 859 2181 prodigiorum
875 2084 1121 2177 expiandorum
1140 2104 1242 2146 caus-

148 2214 152 2236 *
213 2219 249 2286 sa
267 2191 441 2288 faciendae
457 2208 587 2284 essent,
610 2202 744 2287 praeire
763 2198 917 2266 verbam
936 2194 1018 2260 votis
1034 2188 1239 2276 concipien-

85 2357 87 2364 .
149 2322 151 2326 ·
214 2277 290 2384 dis,
326 2318 390 2367 etc.
426 2324 457 2365 ·v.
459 2302 629 2394 Dionys
658 2305 765 2372 Halic.
789 2303 814 2370 l.
845 2326 874 2368 c.
909 2301 982 2368 Liv.
1001 2294 1164 2364 XXXIX.
1186 2294 1242 2362 46.

213 2407 339 2502 XLIII.
367 2407 415 2474 ιδ.
439 2422 473 2470 et
495 2423 639 2495 utroque
662 2409 738 2476 loco
763 2408 888 2498 Duker.

148 2582 150 2587 ,
256 2513 380 2580 Libris
384 2511 591 2600 falcibus
613 2516 680 2582 i.e.
705 2485 902 2605 Sibyllinis,
927 2514 986 2604 qui
1006 2512 1054 2576 ita
1067 2509 1242 2578 vocaban-

146 2619 152 2626 ”
217 2634 297 2708 tur,
329 2611 423 2714 quod
456 2614 523 2680 sata
549 2618 616 2682 sive
637 2619 892 2704 immutabilem
922 2620 1009 2686 Iovis
1035 2617 1244 2684 voluntatem

144 2711 148 2720 “
215 2725 468 2818 praedicerent.
500 2743 529 2785 v.
564 2721 637 2788 Liv.
660 2725 703 2790 V.
725 2725 776 2792 ι4.
799 2728 931 2794 Manut.
963 2723 1006 2790 ad
1029 2701 1184 2792 Coeliil.
1212 2745 1244 2789 c.

217 2851 253 2912 et
275 2835 436 2898 Torrent.
460 2827 502 2893 ad
526 2827 656 2914 Aug.
635 2855 705 2899 οι.

264 2939 326 3014 80
356 2937 416 3001 In
445 2958 555 3000 unum
579 2939 833 3028 contulerunt,
862 2939 884 3003 i.
910 2962 939 3003 e.
961 2937 1144 3004 sociarunt.
1168 2935 1243 3022 [Ic-

215 3055 306 3105 rent.
340 3035 460 3102 Heaut.
487 3033 546 3097 ΙΙΙ.
584 3058 611 3099 ι.
643 3036 693 3102 64.
728 3037 917 3125 conserunt
946 3040 1093 3134 consilio
1044 3009 1244 3102 tactile-

151 3216 166 3235 „
215 3144 398 3211 lescentes.
412 3136 562 3228 Adelph.
580 3141 685 3210 l.l.12
707 3165 733 3208 ι.
756 3147 790 3210 si
810 3169 925 3232 omnes
943 3165 1142 3208 omniorum
1158 3163 1246 3206 con

220 3278 251 3316 si
254 3252 304 3315 ιιι
324 3247 520 3348 conserant.
566 3249 623 3313 sic
642 3247 733 3338 apud
757 3225 890 3314 Livium
911 3249 1055 3340 XXXII.
1075 3251 1127 3315 30.
1153 3243 1246 3309 dici-

221 3349 393 3422 tur'vires
412 3355 449 3419 in
466 3377 576 3417 unum
593 3355 764 3442 conferre.
789 3381 820 3423 v.
838 3328 1021 3428 Drakenb.
1035 3352 1084 3446 ad¹
1102 3354 1177 3432 VII.
1193 3353 1245 3420 54.

261 3449 575 3546 Bonum'sactum.
621 3461 800 3527 Sollemnis
821 3461 964 3528 formula
987 3461 1025 3526 in
1045 3460 1145 3525 initio
1164 3457 1244 3523 edi-

222 3553 606 3633 ctorum.v.Vitell.14.
621 3570 814 3662 etB1isson.
837 3569 880 3634 de
898 3569 1010 3660 Form.
1029 3567 1088 3630 III.
1097 3590 1149 3654 p.
1173 3568 1246 3632 258.

202 3733 205 3742 .
260 3672 529 3742 Animadverti.
582 3675 763 3772 Proprium
791 3675 889 3742 hac
879 3701 917 3742 ιιι
945 3693 984 3740 re
1014 3673 1155 3764 verbum
1185 3688 1246 3738 est.

218 3775 434 3867 Magistratus
462 3767 556 3845 iubet
579 3779 735 3846 lictorem
760 3783 1067 3860 animadvertere,
1089 3781 1112 3844 i.
1137 3803 1166 3844 c.
1190 3796 1248 3846 at·

220 3903 352 3976 tentum
379 3906 449 3950 esse
477 3907 537 3952 suo
562 3888 694 3954 officio=
717 3888 818 3984 lictor
848 3887 944 3953 iubet
962 3881 1250 3978 animaduertere

210 3969 436 4110 populum,‘
426 4017 449 4100 ι.
470 4017 498 4060 c.
518 3993 711 4098 praesentia
732 3993 940 4092 magistratus
962 3964 1156 4091 observata,
1180 3985 1248 4052 de

1187 4093 1248 4160 bi-
