2812 4512
257 262 299 368 p
627 221 1005 322 clusan.'

258 473 411 532 veteres,
439 455 478 513 ut
492 437 623 506 'amonis
652 433 893 523 condemnatos
919 433 1063 510 navibus
1082 434 1210 505 ¹fractis
1232 451 1292 507 aut
1395 447 1396 504 f

259 560 397 639 vetustis
417 555 655 641 imponerent,
677 545 857 632 ventisque
885 538 1062 624 traderent
1082 543 1290 632 in.longin··
1395 529 1396 542 ἵ

260 694 343 767 quas
371 683 477 732 terras
510 650 713 726 evehendos.
731 675 773 719 .v.
806 649 897 715 Plin.
928 649 1051 733 Paneg.
1077 652 1128 719 34.
1161 654 1231 718 Tit.
1255 656 1290 722 8.

260 775 417 868 inprimis
446 759 699 836 casaubono}
724 759 760 826 h.
779 757 803 826 l.
849 757 1146 824 Constructionem
1167 761 1288 848 impc-

258 911 343 955 nere
364 901 455 949 nave
477 893 542 962 pro
562 871 652 935 navi
672 862 850 933 vindicant
868 863 1079 951 Interpretee
1097 863 1140 931 ad
1161 865 1198 933 h.
1218 865 1244 934 l.

306 987 368 1064 θλ
389 988 464 1053 Pro
479 979 599 1059 modo,
613 976 637 1039 i.
652 997 682 1040 e.
696 995 761 1064 pro
774 967 1030 1056 magnitudine,
1053 971 1106 1037 vel
1126 975 1291 1058 gravitate

261 1089 398 1170 delicti,
428 1097 467 1148 ut
488 1074 665 1168 proportio
690 1072 782 1136 inter
804 1067 968 1135 delictum
994 1085 1029 1134 et
1055 1093 1201 1160 poenam
1218 1073 1290 1139 cb-
1311 1136 1315 1146 ,

260 1209 461 1264 servaretur.
494 1187 566 1253 Cic.
599 1203 664 1272 pao
694 1173 849 1244 Marcell.
874 1175 906 1241 8.
961 1173 1039 1240 Hie
1070 1190 1112 1243 tn
1145 1179 1292 1246 nandum

165 1360 167 1366 .
264 1321 348 1376 tuae
374 1301 494 1375 vitae,
516 1313 584 1360 non
610 1289 725 1353 achate
751 1280 989 1369 reipublicae,
1012 1283 1077 1348 aed
1101 1287 1289 1373 aequitate

193 1429 195 1447 ¹
262 1411 377 1481 animi
411 1396 593 1492 definiea?
634 1394 778 1478 Magnus
809 1387 1026 1458 Casaubcnua
1048 1387 1085 1452 in
1116 1387 1183 1454 hcc
1210 1387 1291 1456 loco

264 1506 469 1608 explicando
494 1503 671 1572 aberravit.
693 1525 725 1567 v.
747 1501 862 1566 Burm.
893 1509 927 1560 et
954 1489 1116 1558 Oudeud.
1138 1489 1182 1556 ad
1204 1492 1241 1559 h.
1264 1491 1290 1560 l.

308 1615 599 1706 Exaequebatur‚
614 1611 638 1676 i.
656 1634 685 1675 e.
702 1601 994 1699 persequebatur,
1016 1597 1194 1686 puniebat.
1217 1599 1301 1664 Ca·.

263 1733 322 1820 lig.
343 1751 391 1798 12.
413 1735 479 1791 aut
496 1719 678 1824 inquirere
698 1713 910 1802 quicquam,
927 1717 994 1772 cut
1007 1705 1134 1790 exequi
1148 1729 1292 1771 aueum.

264 1841 371 1924 Vesp.
394 1832 443 1899 14.
476 1827 692 1916 offenaarum
717 1817 860 1881 minime
890 1832 1041 1890 memor,
1070 1811 1294 1878 executorue.
1330 1807 1333 1812 ¹

168 1954 184 2004 '1
266 1967 298 2012 v.
322 1936 463 2008 Casaub.
485 1928 528 1998 ad
546 1928 581 1995 h.
603 1925 627 1993 l.
650 1942 685 1990 et
706 1924 857 1991 Gronov.
877 1915 1020 1984 cdliv.
1040 1916 1068 1982 I.
1089 1919 1142 2006 59.

312 2045 531 2121 Conuivere,
553 2033 653 2119 vulgo
674 2032 710 2097 iu
730 2027 869 2096 Lexicis'
884 2022 1089 2115 explicatur,
1112 2025 1297 2116 palpebras
1395 2073 1396 2078 ,

266 2157 442 2230 oculorum
472 2141 664 2214 alternatim
683 2159 836 2218 movere,
867 2150 907 2198 nt
936 2130 1066 2214 solent,
1096 2135 1156 2222 qui
1181 2135 1298 2202 lucam

268 2281 325 2333 aut
358 2255 504 2345 vigiliam
533 2248 659 2326 diutius
691 2245 782 2311 ferre
813 2237 1000 2334 nequeunt.
1057 2242 1185 2309 Verum
1220 2243 1298 2331 ipsa

235 2453 239 2464 ¹
262 2367 421 2461 exempla
447 2363 595 2442 docent,
618 2358 804 2425 connivere
828 2355 897 2418 no'n
920 2373 990 2416 esse
1011 2371 1145 2416 movere
1168 2347 1299 2438 palbe-

269 2483 365 2564 bras,
387 2473 448 2542 sed
473 2467 641 2536 claudere.
687 2463 743 2528 Sic
766 2461 838 2528 Cic.
857 2459 900 2526 cle
918 2461 959 2526 N.
979 2459 1020 2524 D.
1043 2459 1159 2543 1L57.
1181 2481 1298 2546 aper.

268 2591 318 2659 tt'a
354 2585 465 2652 eculin
490 2574 637 2668 opponit
663 2593 781 2638 aomnc
814 2571 1049 2636 conniventea.
1081 2559 1301 2640 901.οε-

168 2719 169 2722 ’
269 2716 361 2761 aner.
387 2692 425 2754 in
454 2689 582 2754 Comm.
615 2681 769 2763 Gotting.
789 2679 850 2744 III.
881 2701 917 2767 p.
937 2699 1017 2766 279.
1053 2672 1119 2738 Per
1149 2671 1304 2737 transla-

271 2803 400 2868 tionem
426 2793 605 2861 eonnivere
632 2785 801 2877 significat
830 2780 943 2848 oculos
973 2779 1016 2847 ad
1043 2777 1173 2868 aliquid
1201 2779 1303 2846 clau.

272 2931 324 2974 sos
345 2901 521 2984 simulare3
548 2919 624 2963 cum
643 2889 775 2970 videas,
797 2887 968 2978 patienter
993 2887 1095 2954 ferre.

320 3016 585 3101 Unguentatoa.
608 3003 630 3069 i.
656 3026 686 3067 e.
711 2999 770 3089 qui
790 2992 929 3082 capillos
960 2993 1142 3059 aromatico
1167 2989 1309 3082 liquore

273 3137 395 3188 unctos
417 3114 612 3180 'haberentz
646 3106 753 3173 Plcut.
767 3099 852 3170 Mil.
873 3100 983 3168 111.5.
1003 3101 1055 3188 49.
1080 3100 1206 3189 quidni
1236 3125 1309 3165 ηρ..

272 3228 390 3296 verim
413 3224 677 3294 cincnuatum,
701 3196 1193 3295 moeclmm'unguentatum?

319 3331 467 3413 Cattos,
489 3323 513 3389 i.
536 3346 566 3387 e.
589 3333 735 3384 ornatos.
789 3313 861 3379 Hoc
884 3315 1025 3381 verbum
1047 3333 1146 3402 saepe
1175 3306 1310 3374 dicitur

264 3439 318 3506 ·de
337 3449 460 3504 ornatu
478 3427 642 3516 corporis.
665 3423 802 3488 Petu-on.
822 3425 873 3489 32.
889 3423 1053 3487 dextrum
1069 3417 1226 3484 nudavit
1244 3419 1310 3481 la·

274 3560 433 3620 certum,
455 3535 598 3606 armilla
619 3553 731 3598 aurea
755 3531 899 3596 cultum.
921 3527 982 3592 ubi
1002 3551 1034 3592 v.
1057 3525 1174 3592 Heius.

322 3652 489 3738 Species,
511 3656 562 3708 est
591 3654 728 3703 ornatus
754 3652 932 3717 externus,
964 3635 1083 3726 quiin
1106 3629 1220 3696 oculos
1243 3631 1312 3698 in-

277 3748 397 3824 currit.
421 3751 493 3816 Cic.
513 3748 551 3811 in
574 3747 687 3812 Pisou.
710 3768 757 3810 11.
773 3741 856 3828 suit
874 3763 1027 3827 pompa,
1041 3739 1126 3828 fuit
1145 3743 1315 3828 apeciea,

278 3869 437 3932 inceaaua
456 3849 581 3922 callem
602 3851 767 3938 sephata
788 3849 928 3936 dignae.
952 3845 1058 3934 Calig.
1076 3867 1127 3916 aa.
1150 3847 1316 3936 speciem

269 3969 509 4060 principatus¹
543 3961 580 4026 in
614 3958 718 4044 regni
740 3953 900 4042 seronem
931 3967 1147 4022 convertere.
1181 3951 1244 4020 uhi
1279 3978 1316 4019 v.

1238 4057 1321 4127 Er.-
