2818 4516
1052 237 1074 266 X

466 272 879 360 nocuerus'.
954 332 959 339 ·
1128 295 1191 365 ιιι

139 481 174 546 6.
196 492 358 546 nostrum
381 479 473 554 illud
488 479 654 546 sollemne
672 496 867 542 servemus.
891 495 922 542 v.
948 473 1111 596 Torreat.
1119 475 1190 552 tad

186 695 323 761 Coutm
339 697 531 782 praetoris
559 687 779 769 tribuual,'
768 711 792 753 ι.
821 709 852 754 e.
881 707 900 750 e
925 683 1064 770 regione
1091 685 1183 772 loci,

137 800 201 864 ubi
222 801 379 868 *Praetor
413 799 588 868 sedebat.‘
622 799 831 865 Praetorem
868 789 1049 874 nominet,
1085 789 1180 880 quod

139 905 318 972 Praetores
337 904 541 998 plerumque
556 905 655 975 ludos
677 900 840 969 edebant.
885 894 954 964 Sed
975 894 1111 964 videtur
1125 897 1192 966 ille

138 1007 249 1076 honos
269 1029 304 1079 et
322 1007 418 1080 locus
440 1015 546 1080 etiam
564 1011 662 1094 aliis,
686 1007 747 1101 qui
771 1002 870 1072 ludos
897 1001 1061 1090 ederent,
1085 1003 1184 1074 datus

137 1115 254 1183 fuisse.
277 1141 310 1185 v.
334 1119 429 1208 Lips.
453 1115 497 1185 de
517 1113 700 1207 Amphitb.
690 1139 800 1208 ..cap
827 1135 877 1180 ιι.

185 1214 362 1294 Muliebre
385 1251 487 1292 secus
510 1249 639 1290 omues.
676 1221 875 1291 Rectissime
897 1219 961 1286 viri
980 1215 1075 1284 docti
1091 1187 1185 1284 hanc

138 1326 345 1397 lectionem
340 1355 390 1398 e
402 1331 501 1396 libris
532 1329 634 1398 MSS.
668 1342 903 1406 revocarunt,
937 1326 1064 1393 secuti
1075 1328 1185 1394 virum

141 1456 331 1520 summum,
355 1437 382 1504 Ι.
400 1435 457 1502 Fr.
482 1436 704 1504 Gronovium·
716 1433 760 1502 ad
781 1435 861 1502 Liv.
878 1433 1007 1504 XXVI.
1025 1435 1078 1503 46.
1124 1435 1194 1504 Est·

141 1537 255 1606 cutem
275 1543 445 1609 mulie6re
460 1565 562 1608 cecus
577 1565 671 1610 casus
684 1560 824 1636 quartus
835 1577 851 1626 ,1
862 1564 965 1632 quem
983 1541 1070 1641 regit
1079 1557 1194 1630 prae-¹

140 1645 268 1735 positio
287 1651 392 1731 turri,
415 1645 469 1714 vel
490 1649 697 1716 secuudum.
722 1649 833 1716 Tacit.
846 1647 946 1715 Ann-
970 1648 1030 1717 IV·
1053 1649 1105 1716 62.
1127 1648 1185 1712 ui·

142 1757 211 1822 rile
236 1779 282 1821 uc
302 1756 474 1823 muliebre
498 1781 600 1825 secur
623 1759 737 1825 omnis
760 1771 875 1824 aetas.
897 1753 1055 1820 Frontiu.
1082 1753 1110 1820 1.
1134 1775 1185 1820 ιι.

144 1861 178 1927 6.
199 1859 426 1927 ¹destinatum
443 1863 775 1950 Lacedaemoniis,
808 1884 926 1930 omues
947 1863 1060 1932 virile
1084 1875 1190 1927 'cecus
1293 1871 1297 1957 j

149 1963 369 2050 interficere.
584 2035 588 2040 ,

144 2104 146 2110 s
194 2071 403 2155 Submovit‚
425 2073 450 2138 i.
467 2095 497 2138 e.
515 2061 681 2143 interesse
695 2075 822 2159 vetuit,
846 2072 940 2165 qood
956 2073 1104 2142 athletae
1117 2095 1188 2139 nu-

57 2223 60 2228 *
145 2176 185 2244 di
210 2177 399 2246 certabant.
446 2179 498 2244 Ita
529 2175 586 2242 lex
608 2175 927 2246 Hellanodicarum
938 2180 1097 2261 mulieres
1127 2199 1188 2244 ar-

41 2345 46 2354 ,
146 2288 249 2353 cebet
278 2312 297 2353 a
331 2282 528 2378 spectaculo
559 2281 812 2450 Olympiorum.
845 2309 877 2355 v.
913 2286 1047 2358 Aelinn.
1077 2287 1122 2358 V
1145 2287 1189 2354 H.

148 2395 194 2464 X.
223 2419 251 2462 1.
1269 2419 1271 2425 ·

151 2503 464 2596 Pontifiealibus
487 2503 650 2586 ludis‚i.
673 2527 702 2568 e.
727 2524 812 2594 quos
840 2501 1028 2595 pontifices
1047 2501 1093 2567 ob
1120 2499 1190 2568 ho-

145 2631 267 2676 norem
292 2611 536 2701 pontificatus,
568 2627 608 2677 ut
638 2609 1002 2695 ceterimagistratus,
1026 2607 1189 2676 edebant.
1298 2642 1302 2646 ·
1400 2597 1401 2602 ἵ

150 2737 186 2784 v.
208 2715 299 2783 Pliu.
319 2717 396 2785 Vll.
419 2718 485 2811 Ep.
506 2719 557 2786 24.

192 2823 430 2889 Pactuleium.
474 2823 655 2914 Principes
683 2823 750 2911 ipsi
775 2822 966 2915 peculiares
989 2820 1192 2910 gladiatores

149 2926 305 3011 alebant,
330 2929 451 2996 ceteris
470 2932 734 3020 praestantiores
757 2930 908 3014 viribus,
932 2947 1027 3012 arte,
1049 2947 1191 3013 ornatu,

149 3060 236 3128 quos
259 3034 405 3128 populus
428 3063 530 3130 saepe
561 3065 580 3104 a
608 3037 829 3130 principibus
845 3034 1077 3127 postulabat,
1107 3053 1192 3101 tane
1215 3109 1219 3114 .
1274 3127 1275 3130 Ἴ

151 3160 256 3228 quam
285 3144 436 3208 muneris
462 3145 650 3211 auctarium
674 3159 709 3210 et
740 3159 989 3217 ornamentum.
1041 3143 1092 3208 Ex
1123 3163 1193 3233 quo

150 3249 192 3314 hi
227 3245 428 3348 gladiatores
454 3255 620 3336 postulat
581 3251 686 3316 atitii
715 3249 800 3316 dicti
832 3265 924 3316 sunt.
959 3276 991 3316 v.
1028 3251 1195 3315 Senecam
1302 3267 1306 3275 ’

149 3353 218 3441 Ep.
241 3376 271 3437 7.
296 3352 437 3419 Sueton.
456 3355 580 3422 Domit.
601 3357 632 3424 4.
655 3363 690 3423 et'
712 3359 808 3446 Lips.
832 3357 970 3424 Satura.
992 3355 1036 3420 ll.
1056 3355 1124 3420 16.-

196 3460 282 3526 Nou
297 3462 460 3546 placere.
504 3442 680 3552 Frequens
698 3462 898 3529 formulam
920 3461 1037 3541 sctis,
1059 3473 1096 3524 et
1112 3455 1192 3522 cdi-

152 3565 217 3632 ctis
245 3566 510 3652 magistratuum.
544 3570 617 3637 Liv.
639 3569 804 3638 XXXIX.
828 3567 882 3638 54.
904 3589 1019 3654 neque
1038 3566 1194 3633 Senatui

145 3677 317 3764 placere„
349 3675 490 3744 deditos
518 3683 682 3765 spoliari.
712 3671 756 3740 de
778 3672 921 3739 Rhetor·
947 3687 1047 3742 1.'ut
1070 3687 1193 3762 ⁰⁸63AE-
1248 3739 1252 3750 ,

154 3781 298 3847 domus
313 3799 476 3864 nostrum
501 3786 742 3864 seutentiam,
765 3781 868 3850 notis
890 3805 958 3848 nou
978 3785 1138 3872 placere.
1162 3803 1195 3852 tt.

156 3889 306 3956 Brisson.
330 3887 375 3956 de
396 3893 509 3958 Form.
527 3891 572 3956 ΙΙ.
593 3914 629 3983 p.
651 3891 722 3957 181.

206 3992 269 4074 45
317 3998 574 4084 Coenaculum,
598 4001 648 4066 e'st
668 3997 769 4063 altior
792 4017 872 4083 pars
900 3993 1073 4082 domus,
1053 4017 1100 4058 ιιι
1129 4017 1197 4084 qut
1293 4033 1295 4040 ·

692 4107 763 4174 L
746 4131 764 4172 o
1140 4102 1197 4168 lc·
