2814 4514
411 241 881 349 WNERO'J‘
1109 281 1170 352 321

69 519 81 548 .,
160 443 336 536 Peracto*
345 455 545 552 principio.
591 462 692 531 More
718 445 1018 551 citharoedorum,
1040 467 1167 538 favoris

106 571 333 646 'conciliandi
352 593 486 654 caussa,
510 567 570 636 his'
583 571 698 676 verbis
717 569 890 638 allocutus
907 589 958 640 est
976 576 1167 666 populum:

112 685 278 756 Domini
298 682 369 748 mei
381 728 392 762 ,
413 678 541 745 audite
564 702 618 744 me
640 676 801 746 libenter.
846 679 921 746 Hoc
933 683 1166 770 principium

107 810 221 866 vocat
244 788 438 860 Suetonius.
461 811 494 856 v.
517 787 631 852 Tacit.
653 785 747 855 A'nn.
767 787 862 859 XVI.
885 787 919 855 4.
938 801 972 852 et
994 786 1045 850 ibi
1070 788 1167 874 Lips.

103 909 108 920 “
163 901 214 966 Se
227 894 442 987 publicare.
459 897 482 963 i.
500 919 530 962 e.
554 919 589 960 se
608 889 750 983 publico
768 891 964 960 i'n1theatro
985 891 1168 976 exhibere,

107 1006 263 1102 'publice
284 1021 432 1071 eantare.
456 1001 566 1070 Tacit.
589 1001 684 1069 Ann.
704 997 800 1068 XVI.
819 999 853 1067 4.
868 998 1075 1096 flagitante
1092 1001 1166 1067 rul-

106 1137 181 1206 go,
208 1125 254 1181 ut
271 1113 391 1178 omnia
408 1107 533 1176 studio
555 1131 623 1175 suo
640 1106 861 1194 publicaret.
1042 1134 1044 1142 ’

158 1220 322 1290 Privata
349 1209 590 1302 spectaculo,
622 1213 724 1282 etiam
753 1237 773 1279 a
801 1212 1050 1301 magistratibus
1074 1211 1169 1282 edita

110 1328 300 1397 dicuntur.
345 1321 433 1388 Nam
461 1318 594 1385 ratione
623 1315 799 1414 principis
828 1323 938 1390 etiam
954 1319 1169 1406 magistratus

110 1437 335 1538 privatorum
360 1444 504 1492 numero
520 1422 707 1497 habentur.
730 1451 762 1498 v.
780 1431 863 1498 Intt.
877 1427 979 1497 adh.
992 1427 1020 1496 l.

169 1533 368 1619 Ornari,
357 1529 743 1622 1.e.induivestibi1s,
764 1537 891 1628 quibus
906 1534 1036 1603 scenici
1054 1547 1167 1600 utun-

112 1667 202 1733 tur,
227 1660 262 1714 et
289 1665 372 1734 quas
392 1665 539 1734 persona
569 1641 628 1712 illa
656 1641 864 1735 postulabat.
921 1638 1065 1710 Terent.
1088 1640 1167 1708 He-
1215 1665 1220 1670 ·
1281 1673 1283 1682 ν

112 1779 191 1848 cyr.
217 1747 309 1820 Prol.
335 1773 385 1818 11.
426 1750 564 1818 Orator
590 1749 642 1818 ad
665 1775 723 1820 roa
751 1753 858 1822 venio
878 1761 1012 1819 ornatu
1034 1750 1168 1869 prolo-
1190 1827 1194 1836 ,

111 1867 182 1958 gi,
205 1862 232 1928 i.
250 1883 281 1926 e.
301 1845 435 1924 habitu.
468 1880 501 1923 v.
523 1855 614 1923 Fest.
636 1881 669 1924 v.
693 1859 858 1929 Ornatus.

168 1967 234 2043 22.
262 1963 324 2035 Ab
346 1968 492 2030 ineunte
510 1976 655 2045 aetate,
669 1963 692 2029 i.
710 1987 740 2030 e.
756 1964 799 2032 ab
814 1962 1055 2034 adolescentia.
1078 1965 1167 2035 Nam

100 2067 265 2138 'aerae
250 2070 343 2133 mire
366 2059 497 2145 dieitur
523 2061 610 2128 ab‘'
587 2083 628 2126 ns
652 2061 773 2145 annis,
796 2064 923 2150 quibus
943 2064 1164 2155 pueritia-fi

117 2179 232 2246 nitur.
255 2183 296 2240 ἰ.
320 2169 483 2256 Heusing.
506 2167 644 2241 ad'Cie.
665 2166 711 2237 de
731 2167 800 2238 Off.
822 2172 851 2239 1.
872 2172 926 2242 54.

165 2284 307 2368 Greges
331 2298 403 2344 non
431 2294 513 2345 sunt
538 2280 750 2368 aurigarum,
773 2293 813 2346 ut
829 2265 932 2364 vulgo
958 2264 1167 2368 exponunt,

100 2389 186 2463 ¹sed
209 2412 404 2480 equorum,
427 2401 467 2454 ut
491 2385 570 2454 satis
589 2389 727 2478 patet'e
748 2383 857 2454 verbo
880 2384 1023 2454 ducere.
1040 2375 1071 2454 ι.
1094 2386 1168 2454 Er·

101 2511 216 2569 'nest.
239 2492 339 2562 adh.
357 2491 383 2568 l

168 2605 329 2726 Mappa3
351 2615 403 2666 est
415 2621 550 2688 pannus
566 2613 733 2682 cretatus,
757 2617 848 2690 quo,
871 2623 932 2692 qur
921 2598 1040 2667 'ludis
1061 2622 1167 2690 prae·
1218 2585 1220 2592 Α

123 2711 280 2794 sideret,
303 2710 438 2797 signum
460 2705 563 2772 dabat
584 2706 839 2797 procurrendi,
862 2724 897 2776 et
911 2723 1084 2776 certamen
1106 2709 1169 2775 in-

126 2817 290 2890 ohoandi.
321 2839 354 2886 v.
373 2811 523 2883 Martial.
544 2811 623 2882 XII.
647 2834 701 2905 29.
740 2815 893 2884 Iuvenal.
914 2813 986 2934 Sat.
1003 2814 1065 2883 XI.
1093 2839 1169 2906 191.

126 2943 165 2996 et
186 2929 350 2994 Torreat.
374 2923 475 2992 adh.
493 2923 518 2992 l.

57 3027 59 3032 ’
171 3033 359 3118 Exceptus
387 3027 604 3119 effusius
594 3051 617 3093 1.
638 3048 669 3093 e.
693 3031 832 3095 summis
860 3030 1022 3099 laudibus
1052 3026 1169 3095 accla-

125 3136 306 3206 mantium.
330 3130 423 3204 Gall.
436 3136 481 3204 V.
493 3157 530 3218 ι.
556 3131 671 3198 otium
684 3135 827 3219 prolixe
841 3137 1066 3226 profuseque
1083 3131 1169 3206 berr-

100 3243 105 3256 “
126 3243 245 3312 dandi
263 3243 471 3322 nonhabet.
501 3239 564 3308 ubi
581 3259 612 3308 v.
633 3239 801 3310 Gronov.‘
869 3241 872 3248 ’

179 3349 242 3425 23.
288 3349 508 3434 Observare,
530 3351 555 3416 i.
573 3372 603 3416 e.
626 3348 888 3418 infensoanimo
907 3353 1109 3439 attendero,
1132 3371 1173 3424 ut
1250 3329 1252 3340 ,

128 3445 264 3539 aliquid
281 3451 361 3520 sitii
384 3446 694 3518 animadverteret:
710 3472 742 3515 v.
767 3466 883 3516 notata
902 3447 945 3516 ad
966 3453 1062 3520 Caes.
1080 3459 1134 3524 65.

178 3559 396 3648 Captare,
386 3585 408 3628 1.
425 3583 456 3629 e.
482 3560 599 3625 conari
616 3556 748 3624 fallere.
772 3555 884 3624 Plaut.
908 3561 1091 3630 Menaech.
1109 3567 1171 3635 IV.

102 3681 164 3736 '2
182 3667 238 3737 85.
259 3669 383 3736 viden'
408 3681 450 3735 ιιι
471 3671 645 3735 scelestus
669 3666 831 3754 captat?
853 3666 928 3734 Liv.
948 3667 1135 3777 XXXII
1117 3681 1171 3746 05.

68 3763 70 3766 ¹
131 3775 195 3844 In
202 3777 385 3864 colloquiis
412 3771 586 3844 insidiari
607 3789 644 3842 et
665 3789 750 3861 capt
752 3799 829 3842 ore.

58 3935 62 3942 ,
175 3882 324 3949 Iudices
339 3887 465 3971 prius.
500 3905 530 3949 ιι.
550 3881 588 3947 P.
600 3880 763 3946 Fabrum
782 3879 945 3953 Semestr.
964 3889 1023 3955 III.
1043 3895 1096 3958 25.

54 4061 58 4069 ,
177 3989 365 4078 Aequiore
385 3992 526 4074 animo,
550 3989 572 4056 i.
594 4013 623 4056 e.
651 3988 922 4080 tranquilliore..

712 4097 746 4164 X
1086 4107 1176 4172 Tri-
