2818 4516
196 247 295 364 Ap
553 257 966 334 nucusrus

234 458 384 530 Burrus
405 462 442 532 et
461 451 595 538 Seneca
615 461 770 518 rectores
790 451 1048 546 imperatoriae
1069 455 1256 522 iuventae.
1276 501 1281 512 ·

275 561 480 648 Apponere.
523 554 707 642 Rectores',
729 558 936 649 paedagogi,
955 574 992 628 ct
1010 557 1167 628 custodes
1184 582 1277 648 pro·

233 668 311 761 prie
336 665 503 734 'dicuntur
527 671 672 758 apponi.
698 669 781 736 Tib.
805 685 858 736 22.
892 669 1058 737 tribunus
1089 671 1273 756 militum,

231 787 352 842 custos
376 776 577 861 appositus.
599 777 660 844 ubi
684 800 716 844 v.
739 773 905 842 Oudend.
935 774 1056 844 Claud.
1071 793 1105 844 1.
1121 778 1272 864 paeda-

230 903 366 970 gogum
379 908 421 952 ex
440 884 626 952 industrio
639 882 712 950 sibi
726 865 943 971 appositum.
967 885 1042 954 Liv-
1056 887 1100 952 Π.
1122 886 1174 954 18.
1190 909 1272 952 mo-

231 991 436 1058 deratorem
454 1005 492 1059 et
504 988 725 1076 magistrum
745 990 947 1056 oonsulibus
967 995 1188 1079 appositum.

247 1100 549 1186 Mentempsia,
583 1095 609 1162 i.
639 1117 670 1161 c.
704 1095 765 1182 qui
799 1113 945 1190 propter
967 1102 1128 1168 morbum
1153 1114 1274 1170 mente

224 1207 391 1295 poullrtm
408 1206 603 1272 'imminuto
616 1213 722 1285 sunt,
744 1216 783 1268 ut
800 1198 956 1291 loquitur
971 1203 1109 1274 Sallust.
1132 1208 1205 1294 Ing.
1222 1211 1275 1278 65.

280 1312 342 1388 49.
387 1313 542 1380 Classem
567 1309 715 1376 Miseni.
759 1310 809 1376 De
829 1306 1078 1397 bis'Clessibus
1101 1337 1134 1382 v.
1160 1313 1275 1384 Tacit.
1383 1326 1384 1342 ¹

231 1411 328 1482 Amr.
354 1413 415 1481 IV.
437 1414 470 1480 5.
503 1427 538 1477 et
563 1409 660 1500 Lips.
691 1406 736 1474 dc
758 1409 873 1494 Magn.
897 1411 996 1479 Rom.
1019 1416 1047 1482 Ι.
1066 1417 1099 1484 5.
1130 1429 1166 1482 ct
1186 1437 1275 1505 quos

234 1520 354 1590 laudat
375 1522 501 1590 Gorius
516 1516 567 1586 'ad
587 1520 696 1584 Inscr.
720 1515 873 1584 Florent.
899 1520 943 1586 T.
965 1520 993 1586 I.
1015 1541 1053 1610 p.
1072 1521 1146 1590 258.
1384 1510 1385 1538 ¹

277 1631 549 1698 Germanorum.
592 1622 641 1688 Ut
665 1618 770 1688 hodie
795 1621 961 1707 Helvetii,
977 1625 1040 1700 ‘sic
1073 1627 1154 1694 olim
1178 1625 1275 1694 Ger-

233 1736 345 1820 mani,
367 1737 527 1827 inprimis
547 1729 683 1813 Batavi,
718 1729 919 1816 principum
947 1745 1071 1823 corpus
1084 1732 1274 1803 -custodie-

232 1845 332 1914 hant.
354 1867 386 1913 v.
409 1843 518 1932 Calig.
533 1845 588 1914 45.
611 1853 646 1904 et
667 1835 763 1928 Lips.
788 1833 840 1912 11111
854 1836 966 1906 Tacit.
988 1837 1083 1905 Ano.
1103 1839 1198 1907 XIII.
1225 1843 1275 1912 18.

277 1951 508 2034 Formulom,
530 1949 609 2016 i.'c.
630 1943 793 2026 modum,
827 1967 1007 2029 normam,
1038 1944 1157 2034 legem.
1189 1950 1274 2020 Tib.

234 2060 296 2129 18.·
310 2069 553 2126 commeatum.
576 2077 713 2122 omnem
739 2050 791 2118 ad
820 2063 959 2118 certam
970 2050 1176 2140 fhrnmlom
1201 2057 1274 2121 ad-

231 2167 412 2234 strictum.

275 2271 568 2359 Prosequendos,
605 2289 731 2357 nempe
754 2264 926 2359 praemiis.
958 2263 1027 2334 Ins.
1053 2268 1106 2336 66.
1142 2268 1276 2336 mrito

233 2381 408 2466 cuiusque
432 2379 540 2465 digne
553 2389 785 2465 prosecutos.

238 2483 531 2570 ,1Vectigatibm
550 2484 666 2550 novis.
711 2481 868 2570 Quorum
878 2480 1107 2572 ¹praecipuum
1123 2479 1190 2548 suit
1210 2506 1273 2551 ve·

236 2589 335 2678 ctigol
355 2590 533 2658 vicesimae
551 2587 683 2677 pertis,
707 2595 854 2674 quee'cx
880 2585 1132 2654 hereditatibus
1150 2585 1274 2656 detrad

235 2699 395 2766 bebatur.
418 2720 451 2764 v.
473 2699 589 2764 Burm.
613 2694 657 2762 de
677 2697 811 2781 Vectig.
836 2717 865 2763 c.
888 2695 950 2764 XI.

279 2805 355 2872 Sub
383 2823 517 2884 nmnu,
539 2800 564 2866 i.
586 2798 617 2867 e.
644 2797 729 2868 dum
754 2825 808 2870 res
833 2802 908 2893 ipsa
934 2798 1276 2885 adbuc..gerebatur.

233 2917 286 2981 De
306 2911 372 2978 bec
393 2909 560 2992 formula,
584 2929 671 3002 quae
697 2935 769 2978 non
791 2909 937 2982 eandem
964 2906 1094 2996 ubique
1115 2909 1184 2977 vim
1205 2908 1275 2976 ha·

235 3023 319 3107 bct,
341 3043 374 3088 v.
389 3020 474 3085 Iott.
498 3014 541 3084 ed
565 3017 601 3084 b.
624 3016 649 3085 1.
671 3035 708 3084 ct
726 3016 862 3084 Ernest.
884 3011 977 3082 Clav.
1001 3015 1075 3082 Cic.
1096 3041 1126 3084 v.
1141 3019 1279 3086 Manus.

284 3131 359 3215 Qui
366 3147 400 3194 o
421 3129 493 3194 loco
509 3123 625 3190 eidem
634 3101 849 3212 perferrem⁴
867 3125 1007 3192 literas.
1052 3124 1195 3208 Elegans
1224 3141 1277 3192 est

233 3232 427 3308 casauboni
453 3247 488 3298 et
514 3231 653 3300 Graevii
675 3233 893 3313 coniectura,
918 3231 981 3318 qui
1001 3231 1169 3300 alicunde
1179 3253 1276 3316 per-

222 3345 374 3437 ferrent
391 3341 531 3406 literas.
1133 3429 1136 3446 ‚

284 3450 343 3524 50.
389 3449 624 3536 Deplomom,
647 3443 813 3510 dicuntur
832 3471 851 3512 a
869 3444 989 3512 formu.
1034 3449 1122 3515 Nem
1141 3449 1178 3512 in
1195 3467 1276 3510 mo·-

233 3546 319 3626 dum
340 3549 544 3624 tabellarum
564 3544 757 3634 duplicium
769 3544 1018 3634 formabuntur.
1047 3545 1155 3637 Apud
1171 3546 1278 3614 Cice·

233 3675 373 3737 ronem,
404 3671 568 3748 tanquam
598 3653 641 3718 ad
668 3654 744 3722 Div.
767 3656 828 3724 Vi.
854 3679 905 3722 12.
936 3658 972 3723 in
996 3655 1110 3721 Pison.
1135 3657 1189 3740 57.
1214 3650 1276 3718 di-

231 3755 384 3850 plomate
408 3783 543 3848 semper
572 3759 737 3827 dicuntur
758 3759 804 3828 de
833 3762 940 3830 literis
963 3763 1113 3852 publicis
1139 3765 1278 3835 itineris

236 3886 349 3944 caussa
374 3862 471 3934 datis.
495 3893 526 3936 v.
549 3868 721 3936 Bucbner.
739 3866 782 3934 ed
806 3868 895 3936 Ptin.
913 3870 958 3938 X.
981 3873 1048 3962 Ep.
1070 3873 1119 3939 14.
1143 3889 1178 3937 et
1200 3871 1278 3938 Er·

233 3989 320 4054 uest.
344 3971 438 4046 Clav-
462 3976 536 4048 Cic.
559 3977 594 4048 b.
617 4003 649 4048 t.
694 3979 823 4048 Verum
841 3973 934 4067 apud
954 3977 1097 4050 Sueten.
1116 3981 1198 4052 Ner.
1222 4000 1277 4048 12.

1227 4107 1279 4150 suc
