2818 4516
251 305 310 378 1„
562 259 981 374 Aueusrus

250 489 324 537 non
352 470 527 552 usitatum,
551 469 693 564 proprie
719 465 848 534 dicitur
872 465 917 536 de
938 489 1058 538 somno
1083 472 1291 574 interrupto.

249 599 282 646 v.
306 577 378 646 Cal.
407 581 460 648 26.
507 575 642 644 Deinde
670 593 721 644 est
746 574 933 662 molestiam
966 576 1068 645 elicui
1092 585 1289 675 praebere,

250 684 475 776 interpellare
493 682 633 751 alicuius
652 679 949 776 tranquillitatem.
971 706 1004 752 v.
1020 683 1141 786 Claud.
1156 715 1188 779 9.
1205 693 1289 763 Ner,

250 793 303 862 54.
326 811 361 861 et
383 790 551 859 Oudend.
574 788 616 857 ed
639 789 676 858 h.
697 788 722 857 Ι.

291 902 506 991 Adaperta,
528 901 554 968 i.
577 923 608 967 e.
632 899 725 966 omni
750 921 791 964 ex
813 917 912 991 parte
939 903 1077 992 operte,
1099 920 1176 972 uta
1199 931 1290 999 sup-

247 1009 460 1103 plicantibus
487 1001 588 1084 fenile
609 1001 698 1069 adiri
726 1020 851 1096 posset.
897 1002 988 1072 Male
1018 1006 1055 1071 in
1084 1011 1293 1100 quibusdum
1382 999 1383 1004 Ι

249 1108 332 1188 edd.
353 1115 479 1205 legitur
503 1115 691 1203 adoperta.
714 1135 747 1180 v.
771 1106 935 1176 Oudend.
957 1109 1001 1176 ad
1023 1112 1109 1190 h.,l.

290 1223 597 1307 Salutationidns,
619 1244 744 1311 nempe
769 1242 852 1310 quas
876 1219 975 1286 amici
1002 1217 1216 1314 clientesque
1234 1224 1290 1292 sa·

250 1333 406 1417 ciebant,
428 1333 542 1422 primo
559 1356 660 1403 mene
680 1331 720 1397 iu
746 1325 848 1395 aedes
874 1327 945 1393 eius
966 1327 1165 1414 venientes,
1189 1355 1288 1400 eum.

249 1467 319 1534 que
342 1439 470 1509 salvere
493 1439 664 1507 iubentes.
699 1461 731 1507 v.
760 1434 902 1523 Vespas.
934 1455 986 1502 21.
1020 1450 1055 1502 et
1086 1437 1212 1509 Suari.
1248 1439 1290 1512 ed

248 1550 342 1624 Plin.
366 1549 491 1634 Paneg.
509 1547 563 1614 48.
1278 1566 1282 1574 “

270 1658 404 1727 *Nullo
437 1653 676 1722 submonente.
727 1647 877 1718 Multum
902 1646 945 1715 ad
973 1648 1199 1738 colligendam
1224 1655 1290 1726 be-

249 1761 473 1834 nivolentiam
493 1759 646 1842 valebat,
678 1755 708 1822 si
730 1756 906 1845 potentior
928 1753 1128 1827 inferiorern
1147 1766 1291 1856 proprio

249 1872 390 1950 nomine
417 1863 657 1962 compellaret,
679 1880 715 1933 et
741 1859 882 1952 quidem
906 1863 980 1928 sine
1000 1867 1181 1935 monitore.
1214 1868 1289 1936 Pli-

250 1981 329 2048 nius
350 1977 475 2058 Paneg.
497 1967 551 2044 15.
574 1971 619 2039 de
648 1968 819 2046 Traianos
849 1985 1023 2057 gratnm,
1061 1975 1156 2063 qnod
1178 2001 1289 2065 eque-

249 2086 342 2154 stris
362 2081 501 2152 ordinis
520 2082 650 2156 decora
670 2077 799 2148 nonore
817 2080 999 2152 nominum
1021 2082 1291 2182 eineymonitore

250 2195 430 2281 signares.
1385 2273 1386 2278 γ

293 2301 426 2371 Valere
452 2295 607 2364 dicebat.
631 2291 716 2359 Tib.
735 2311 789 2381 72.
813 2296 972 2382 singulos
994 2299 1116 2366 valere
1133 2300 1294 2370 dicentes

250 2406 446 2502 appellare.
499 2401 553 2466 Ex
580 2399 706 2490 quibus
736 2398 821 2467 loeis
849 2416 969 2490 patet,
1001 2425 1134 2492 semper
1159 2401 1296 2474 divisim
1385 2433 1386 2454 .

249 2507 475 2581 scribendum
496 2531 567 2577 esse
583 2509 663 2576 vale
682 2507 813 2575 dicere.
836 2527 868 2576 v.
891 2504 1031 2578 Cellarii
1055 2511 1140 2578 Cur.
1161 2510 1292 2581 Poster.
1385 2513 1386 2526 ¹

249 2643 288 2718 P
302 2725 409 2814 Off
374 2749 433 2790 eta
457 2743 539 2790 eam
560 2721 683 2787 maltis
712 2734 839 2788 mutua
861 2722 1041 2804 exercuit,
1071 2719 1095 2787 i.
1118 2745 1147 2788 e.
1177 2723 1295 2793 multis

251 2848 408 2900 mutuum
431 2806 599 2896 honorem
624 2823 779 2890 babuit
770 2850 807 2892 111
832 2824 1048 2892 celebrandis
1074 2826 1291 2897 sollemnite-

253 2941 344 3005 tibus
365 2954 459 3028 togae
477 2958 600 3028 purae,
624 2931 847 3023 nuptiarum,
870 2932 1032 2999 natalium
1050 2951 1117 3003 etc.
1135 2937 1219 3006 Tib.
1240 2963 1289 3007 11.

252 3047 487 3118 Mattianum
508 3043 659 3110 Graecis
684 3035 809 3181 efficta
833 3064 999 3114 exercens
1012 3063 1130 3160 prope
1154 3069 1198 3111 ex
1226 3071 1292 3112 ae-

251 3178 333 3246 qtto.
355 3177 388 3222 v.
412 3131 555 3218 Casaub.
578 3147 679 3216 adh.
685 3139 727 3214 Ι.

298 3254 978 3340 Venatus,i.e.hneillue1actatus‚
1009 3281 1158 3349 pressus.
1202 3263 1295 3330 Vexo

251 3386 303 3439 est
325 3368 616 3458 frequentativum
636 3363 773 3429 avebo.
797 3387 830 3432 v.
854 3365 946 3457 Gell.
967 3370 1011 3438 ΙΙ.
1036 3372 1066 3438 6.
1093 3383 1127 3435 et
1146 3369 1232 3437 Intt.
1254 3366 1298 3435 ad

201 3517 207 3527 .
253 3472 402 3552 Phaedr.
422 3476 483 3543 IV.
508 3476 558 3542 16.
584 3477 638 3554 t„
875 3555 881 3566 ι

300 3585 457 3671 Captum
480 3580 620 3664 oculis,
643 3578 667 3646 i.
689 3602 720 3645 e.
744 3601 883 3646 coecum
902 3580 1043 3652 factum.
1069 3585 1143 3653 Liv.
1167 3585 1247 3652 Xll.
1272 3607 1303 3652 2.

251 3693 330 3779 ipse
351 3687 545 3754 Hannibal
559 3685 674 3751 altero
693 3689 792 3752 oculo
814 3689 972 3776 capitur.
997 3689 1057 3754 ubi
1075 3716 1107 3756 v.
1130 3691 1258 3760 Duker.

296 3796 496 3860 Revocavit
509 3794 560 3860 ad
577 3795 712 3876 vitam,
736 3793 761 3858 i.
784 3817 813 3858 e.
836 3793 1008 3882 perfecit,
1031 3810 1070 3883 ut
1092 3791 1223 3862 diutius
1238 3799 1296 3864 vi·

191 3950 193 3956 ·
252 3923 331 3970 vere
348 3895 460 3968 vellet
484 3900 556 3967 Cic.
578 3896 623 3964 ad
646 3897 719 3965 Au.
738 3899 799 3966 ΠΙ.
829 3901 859 3966 6.
909 3901 1014 3982 Quod
1031 3925 1086 3966 me
1104 3903 1156 3968 ad
1180 3907 1295 3972 vitam

253 4031 385 4090 vocae,
418 4029 528 4126 tenant
549 4007 691 4099 efficio,
727 4021 769 4076 ut
799 4031 823 4074 a
844 4033 898 4074 me
924 4032 1051 4077 neonae
1079 4008 1299 4080 abstineam.

1200 4119 1302 4188 Culi-
