2814 4514
456 253 864 374 nenteunss
922 381 928 394 ἱ
1055 335 1062 344 .
1118 275 1185 358 nr

130 469 282 564 ¹fratrer
306 468 388 538 olim
415 469 615 538 destinator
636 468 814 559 eupplioio
838 465 969 536 tradit.
991 489 1024 540 v.
1047 465 1182 537 Schul-
1268 561 1273 566 .
1359 447 1364 458 ’

145 563 783 668 Qafflmwmme

185 688 322 754 Eiecit.
366 686 440 752 Hoc
457 683 604 751 verbum
624 683 766 774 proprie
788 681 918 761 dicitur
940 680 984 751 de
1002 681 1070 769 iio,
1092 710 1182 776 qnae

129 777 308 859 'fluctibus
337 793 375 858 in
396 790 477 858 litus
507 788 751 882 expelluntur,
772 790 933 882 inprimis
953 789 1008 858 'de
1034 792 1180 860 naufra-

142 902 204 989 gis.
250 903 395 966 Terent.
417 897 532 967 Andr.
549 900 593 969 V.
614 901 648 970 4.
671 921 725 968 2ο.
754 904 845 968 novi
855 901 987 990 fracta
1017 902 1068 967 ad
1093 903 1186 968 An«

144 1011 255 1076 elram
286 1010 423 1076 eiectae
453 1021 520 1076 eet.
554 1007 678 1096 virgil.
701 1007 790 1078 Aen.
809 1008 869 1077 IV.
892 1007 968 1095 574·
1009 1009 1183 1078 Eiectum

143 1117 271 1201 litore,
305 1129 468 1207 egentem
493 1116 644 1204 Excepi.
666 1138 700 1185 v.
725 1113 878 1183 Gronov.
909 1109 954 1179 ad
982 1113 1104 1185 Senec.
1120 1117 1181 1186 111.

144 1222 268 1291 Contr.
292 1226 343 1292 16.
1005 1223 1009 1230 ¹

64 1321 65 1326 ἵ
147 1359 151 1366 ·
197 1329 256 1403 50.
308 1328 465 1418 Corpore
498 1332 659 1417 enormi,
690 1329 714 1397 i.
741 1352 773 1397 e.
805 1323 902 1419 qnod
937 1327 1061 1396 iustam
1091 1345 1184 1398 nor-'
1297 1361 1301 1371 ,

139 1450 255 1512 mam,
284 1427 339 1496 vel
371 1433 634 1521 proportionem
666 1453 738 1496 non
779 1427 936 1500 heberet.
980 1429 1101 1502 Vitell.
1127 1454 1180 1520 17.
1252 1481 1254 1484 -

140 1551 227 1606 erat
256 1539 295 1604 in
318 1561 358 1604 eo
383 1543 539 1606 enormis
556 1540 778 1628 proceritas.

144 1687 147 1698 ·
184 1645 231 1714 H
232 1635 371 1714 irrotat
389 1658 523 1718 cetera.
549 1647 679 1715 Cetera
693 1642 847 1718 absolute
858 1643 987 1713 dicitnr
1002 1668 1069 1740 pro
1085 1644 1181 1739 quod

142 1751 189 1822 ed
214 1767 326 1819 cetera
355 1751 511 1816 membra
533 1752 665 1820 attinet.
697 1753 816 1820 Horat.
831 1755 859 1820 1.
890 1754 958 1844 Ep.
979 1777 1030 1824 ιο.
1054 1757 1178 1824 5:oe-

139 1875 224 1931 tera
240 1881 359 1948 paene
378 1859 532 1946 gemelli.
567 1858 628 1925 ubi
649 1856 753 1955 plura
776 1861 933 1953 exempla
954 1862 1062 1932 habet
1081 1864 1178 1930 Ben-

139 1965 215 2037 tlei.

153 2103 157 2112 ·
190 2073 432 2143 Crimiaooztm
459 2073 681 2157 habebatur,
702 2074 726 2141 i.
750 2097 781 2142 e.
813 2075 944 2146 crimen
975 2092 1058 2144 erat.
1103 2078 1179 2144 Cic.

79 2182 83 2190 “
141 2205 208 2278 pro
229 2182 343 2269 Liger.
365 2203 394 2248 2.
425 2181 521 2272 qaod
541 2181 577 2247 ei
595 2194 652 2248 eet
674 2185 927 2268 criminosum,
949 2182 1181 2252 necescitatio
1216 2207 1220 2216 ·

141 2291 278 2357 crimen
304 2301 370 2357 eet.
456 2307 459 2314 ⁴
784 2301 790 2316 '

188 2397 231 2468 V
226 2381 342 2465 altura
366 2394 565 2488 efferabat,
588 2398 612 2466 i.
632 2426 664 2470 e.
686 2396 731 2465 ad
754 2387 924 2469 feritatem
950 2417 984 2467 et
1013 2415 1182 2466 terrorem

144 2504 383 2595 componebat.
416 2506 491 2571 Liv.
508 2507 553 2595 II.
578 2511 629 2576 25.
662 2510 788 2597 capilli
817 2507 1063 2598 efferaverant
1094 2527 1181 2591 epe-

144 2614 237 2680 ciem
266 2612 351 2679 orie.
388 2636 419 2680 v.
447 2607 620 2681 Drakenh.
653 2610 697 2678 nd
726 2638 758 2692 γ.
780 2617 833 2686 55.
864 2630 900 2681 et
933 2609 1101 2706 Oudend.
1137 2601 1182 2680 ed

145 2720 182 2812 ιι.
205 2719 229 2789 1·
263 2717 266 2722 ’
391 2712 395 2728 ·

148 2839 151 2844 '
186 2827 367 2898 Valetndo
389 2827 426 2895 ei
445 2854 514 2898 noa
535 2834 726 2920 coactitii,
747 2833 771 2899 i.
792 2855 822 2900 e.
847 2853 919 2900 non
932 2830 1086 2919 integra,
1109 2847 1182 2897 non

142 2933 275 3004 illibata
301 2935 380 3002 fuit.
412 2938 497 3006 Tib.
515 2961 546 3006 2.
569 2941 603 3005 ei
620 2941 692 3005 eibi
708 2941 894 3029 pudicitia
924 2931 1119 3008 coactaret.
1179 2930 1184 2954 ¹

193 3044 368 3129 Colligere
397 3069 456 3129 ee,
477 3048 502 3111 i.
524 3049 557 3110 'e.
580 3044 685 3109 animi
712 3047 937 3135 corporisque
966 3047 1056 3114 vireo
1086 3045 1184 3136 quasi

145 3148 374 3233 contrahere,
395 3167 435 3217 ut
457 3175 492 3218 se
510 3152 705 3217 sustineret.
729 3150 803 3216 Cic.
816 3154 921 3221 Tusc.
934 3155 1031 3247 Disp.
1052 3155 1112 3226 1V.
1128 3155 1184 3222 56.

146 3257 237 3346 quid
264 3270 320 3350 eet
350 3280 387 3322 ee
417 3259 539 3345 ipsam
561 3260 747 3344 colligere,
770 3260 845 3325 aiei
866 3261 1070 3350 dissipatae
1096 3261 1183 3324 ani·

145 3364 199 3430 mi
215 3376 347 3450 parter
376 3389 505 3433 rureuo
536 3365 574 3431 ia
603 3386 710 3430 raam
743 3363 859 3433 locam
886 3385 1024 3456 eogere.
1059 3365 1183 3431 lustin.

143 3467 308 3536 XXXIII.
333 3492 366 3540 2.
397 3457 441 3539 at
459 3473 651 3560 illc'oitiae
673 3493 821 3560 corpore
843 3476 1009 3555 collecto,
1031 3457 1184 3562 magnae

144 3588 291 3664 etragee
307 3577 438 3646 edidit.
460 3605 492 3648 v.
515 3582 596 3651 Intt.
621 3579 665 3648 ad
686 3581 844 3647 Frontina
864 3582 936 3652 Ν.
949 3583 981 3651 5.
1007 3605 1059 3671 17.

189 3683 375 3772 Safferre,
396 3687 421 3754 i.
442 3689 472 3754 'e.
494 3687 562 3752 suis
585 3687 735 3773 viribus,
756 3689 830 3754 sine
854 3686 1087 3775 adminiculo,
1110 3705 1184 3756 sta·
1291 3733 1293 3740 ,

145 3784 194 3862 tei
225 3791 348 3877 virgil.
372 3792 461 3863 Aen.
482 3795 625 3885 ΙΙ.·492.
657 3818 769 3884 neque
792 3797 868 3883 ipoi
899 3797 1067 3866 caetodeo
1099 3795 1183 3884 eof-¹
1288 3819 1291 3824 ·
1377 3831 1379 3838 >

135 3900 242 3988 selle
274 3903 409 3970 valent.
443 3903 507 3969 ubi
536 3928 567 3972 v.
599 3904 715 3973 Burm.
768 3900 865 3972 Idem
891 3921 943 3976 est
976 3913 1186 3974 curttntore

145 4006 230 4082 Tib.
249 4030 302 4097 72·
326 4010 386 4079 ubi
409 4033 439 4082 v.
464 4025 590 4079 notata.
