2818 4516
224 317 294 396 ιιι
535 301 781 386 tusus
806 287 957 386 uus.

272 503 337 582 71.
380 497 616 570 Marrtiaam
640 503 814 586 calicem,
836 502 861 572 i.
884 524 913 571 e.
934 475 1211 592 porcellaneun,
1231 515 1272 577 nt

224 601 403 674 nonnullis
419 600 544 694 placet.
568 628 599 671 v.
622 601 761 672 Salmas.
784 601 908 670 Exere.
929 602 1018 670 Plin.
1040 627 1077 696 p.
1098 603 1172 674 145.

182 774 185 782 ,
271 711 383 779 Circa
404 711 592 795 libidines,
615 710 640 778 i.
664 732 695 780 e.
719 709 813 803 quod
833 711 956 778 attinet
977 710 1026 776 ed·
1040 709 1218 782 libidines.

269 817 454 903 Haesit‚'‘
441 841 467 884 t.
482 839 513 882 e.
537 839 608 884 non
625 815 782 885 facilites
795 819 884 886 ratio
906 813 988 886 suit
995 817 1096 884 huius
1115 820 1269 888 oriminis

221 924 408 1022 purgandi.
451 923 659 1014 Metaphora
686 925 864 994 duotsest
893 951 912 992 e
937 926 1096 1010 navibus,
1121 930 1269 1019 quaein
1383 911 1384 960 ³

221 1035 299 1103 toea
319 1029 443 1100 vadosa
457 1027 651 1116 inoldunt
672 1055 738 1100 nee
766 1057 802 1102 se
825 1031 988 1130 expedire
1013 1050 1170 1122 possunt.
1196 1035 1272 1102 Te·

155 1145 156 1152 '
222 1159 316 1212 rent.
344 1139 436 1208 Eun.
465 1138 511 1208 V.
541 1157 573 1210 ι.
608 1163 639 1229 9.
670 1140 752 1228 ipset
779 1156 860 1210 est.-
891 1143 1035 1213 haereo
1065 1142 1270 1214 Domitio

207 1276 307 1320 «eum
330 1252 368 1317 ιἰι
390 1245 616 1336 explicandis
640 1245 808 1316 oneribus
831 1243 1011 1316 haereret.

261 1357 380 1423 ‘Lusit
405 1354 643 1444 simpliciter,
672 1354 696 1421 i.
720 1377 750 1420 e.
783 1353 858 1420 sine
884 1347 955 1421 ulle¹
984 1351 1296 1432 dissimulatione..

154 1468 179 1505 ἰ
223 1459 372 1536 Pheedr.
386 1463 449 1530 ΙΙΙ.
469 1487 501 1552 7.
523 1486 554 1551 7.
605 1463 717 1530 Oanis
736 1459 953 1550 simpliciter
970 1464 1172 1551 respondet.

266 1571 392 1636 Mense
424 1569 647 1654 Decembri,
681 1595 751 1662 quo
785 1569 978 1638 Saturnalia
1006 1593 1138 1641 summe
1167 1569 1271 1639 enimi
1386 1655 1387 1662 ἵ

222 1673 425 1746 remissione
445 1673 737 1764 celebrabantur.-
733 1697 777 1746 ·ιι.
803 1678 967 1747 Torrent.
990 1673 1091 1746 adh.
1112 1665 1138 1744 l.

265 1791 460 1869 Γεριντικῶς.
504 1781 611 1852 Aleae
624 1782 723 1852 lusus
740 1802 862 1850 senum
881 1795 965 1854 esst.
988 1807 1020 1851 v.
1044 1784 1120 1853 Cis.
1137 1783 1183 1853 de
1203 1787 1267 1856 Se·

222 1906 318 1960 nect.
343 1890 395 1957 16.

268 1999 442 2068 Telorum
469 1997 651 2064 rationem
669 1993 913 2092 explicuerunt
940 1989 1088 2070 Cosanis.
1117 1995 1223 2068 adh.
1242 2000 1267 2073 1.

223 2123 260 2177 et
286 2107 453 2172 Ernestus
479 2101 575 2173 clav.
607 2104 682 2196 Cic.
712 2104 748 2172 h.
773 2130 806 2174 v.
852 2107 961 2174 Senio
993 2104 1124 2174 dieitur
1154 2108 1269 2195 latus,
1388 2193 1389 2214 ¹

213 2210 319 2308 quod
337 2235 397 2280 sex
417 2221 551 2302 punctu
577 2211 740 2280 habebut.
786 2213 981 2308 Optimus
970 2229 1079 2282 tectus
1105 2234 1157 2285 est
1188 2221 1265 2290 Vs,

218 2324 365 2409 uerius,
389 2345 468 2389 oum
485 2343 603 2388 omnes
623 2319 685 2388 tali
701 2321 789 2388 latus
812 2316 906 2392 aliud
919 2318 1131 2391 ostendunt:
1152 2311 1265 2418 pfls'si'.

220 2457 323 2514 mus,
349 2453 427 2496 eum
450 2429 696 2515 οιιιιιιιὶᾶιιιι,
718 2453 779 2521 qut
769 2428 904 2495 'Canis
926 2424 1067 2498 dicitur.
1118 2452 1121 2459 ·

267 2541 545 2628 Quinquatrus,
569 2537 594 2608 i.
617 2562 649 2606 e.
667 2535 743 2608 dies
764 2535 868 2604 festos
891 2531 1080 2605 Minervae.
1106 2561 1138 2610 ι.
1158 2537 1261 2617 ovid.
1388 2579 1389 2600 ι

215 2653 307 2720 Fast.
326 2648 389 2714 111.
412 2649 490 2738 809.

261 2751 460 2826 Fontem!
419 2779 442 2819 0
457 2781 501 2822 ea
503 2755 647 2828 terium.
660 2753 790 2820 Hune
808 2753 943 2836 lotum,
965 2775 1080 2846 neque
1099 2753 1263 2825 Touren

216 2867 290 2948 iio,
316 2884 433 2951 neque
441 2862 658 2932 Casaubono
677 2857 918 2942 intellectum,
941 2861 1073 2952 primus
1096 2857 1266 2952 explicuit

218 2969 414 3046 Gronovius
427 2967 478 3034 eti
499 2969 623 3053 Senes.
641 2967 746 3039 Cons.
772 2967 816 3034 ad
835 2965 955 3058 Polyb.
974 2972 1026 3039 56.
1070 2965 1198 3038 Ferus*
1214 2985 1264 3045 est

216 3081 332 3168 eluens
354 3073 522 3164 lusorias,
544 3078 615 3146 sive
638 3076 778 3161 tabula,
800 3078 890 3144 sieut
903 3078 987 3164 jori
1009 3081 1162 3147 navium
1182 3095 1263 3155 sunt

217 3185 381 3260 tabulate.
404 3209 436 3253 v.
459 3187 575 3253 Burm.
593 3182 636 3250 ed
655 3185 752 3256 Serv.
770 3186 808 3252 in
829 3185 917 3252 Aen.
938 3186 999 3255 lv.
1020 3188 1093 3254 605.

259 3296 497 3384 Calfi’eimus,
519 3293 544 3363 i.
566 3313 595 3357 e.
618 3285 752 3354 assidue
768 3290 934 3368 trivimus.
980 3287 1125 3377 Elegans
1144 3309 1262 3362 trans-

212 3409 307 3483 latio.
352 3404 440 3472 Nam
465 3405 582 3470 calere
604 3396 790 3482 dicuntur,
813 3423 903 3490 quae
924 3397 1074 3468 studiose
1095 3417 1264 3487 aguntur,

214 3517 407 3585 iaetautu'r:
434 3520 555 3577 eontra
569 3505 740 3596 frigere,
764 3531 852 3600 quae
874 3510 1000 3576 minus.
1022 3531 1054 3576 ι.
1075 3507 1148 3578 Cis.
1170 3505 1262 3576 Phil.

214 3627 260 3697 V.
280 3624 313 3692 4.
335 3645 402 3712 pro
421 3618 540 3693 Plane.
565 3619 618 3686 23.
642 3631 678 3682 et
702 3615 798 3684 Cort.
818 3615 862 3684 ad
885 3615 1070 3688 Deelsm.‘
1059 3639 1099 3683 tu
1123 3613 1263 3688 Sallust.

213 3761 252 3830 p.
274 3734 368 3819 1057.

254 3839 406 3928 Magais
424 3835 639 3904 elamoribus
656 3847 723 3899 ete.
768 3832 810 3900 In
833 3830 936 3899 simili
961 3857 1000 3944 ιιι
1018 3831 1128 3904 Ovid.
1149 3831 1194 3903 A.
1217 3831 1262 3903 A.

211 3951 366 4036 ss1.”›75.
397 3958 543 4013 resonat
570 3940 787 4016 clamoribus
809 3935 973 4016 aether,

251 4057 320 4130 Ad
345 4074 571 4151 suttonam,
575 4051 599 4122 i.
632 4072 662 4117 e·
704 4047 884 4144 denique,
916 4047 1078 4124 breviter.
1109 4047 1183 4118 cte.
1174 4044 1269 4223 ‚offe
