2818 4516
359 251 360 256 '
443 260 857 378 recussus,
1120 299 1178 368 1„

145 449 197 518 sic
218 450 318 518 otiam
338 461 505 518 vocantur
527 443 699 534 codicilli,
723 446 880 540 quibus'
868 471 921 518 tus
946 451 1089 578 civitatis
1112 457 1180 532 de-

143 552 267 626 fertur.
289 580 322 626 v.
346 555 489 624 Casaub.
512 552 616 622 adh.
637 554 663 623 1.

183 665 350 754 Sculptn.
394 663 560 730 Ernestus
580 659 648 748 legi
667 663 765 732 malit
787 665 946 752 ιοαζριιι,
969 668 1062 758 quod
1080 697 1179 760 gem.

140 793 241 858 mae,
265 795 353 864 quae
376 770 468 836 inter
493 765 747 858 lapidescunt,
770 795 841 838 non
868 766 1098 861 sculpuntur,
1120 779 1181 846 sed

138 879 354 970 scalpuntur.
398 877 528 944 Contra
555 873 787 975 Oudendorp.
818 877 863 946 ad
890 875 992 946 Galb.
1018 904 1068 948 ro.
1104 881 1180 950 dis-

141 986 274 1052 crimen
299 978 551 1054 obssrvandum
569 1004 640 1050 osse
665 983 847 1051 contendit
866 1007 938 1052 non
955 988 1088 1056 ratione
1102 1013 1180 1056 ma·

139 1093 267 1177 terias,
290 1091 352 1160 scd
372 1088 474 1169 artis.
519 1090 572 1158 Ex
592 1090 664 1156 eius
686 1089 792 1176 igitur
819 1092 990 1160 sententia
1020 1099 1181 1186 scalpere

136 1213 176 1265 et
205 1201 394 1287 scalptura
423 1196 469 1266 de
490 1197 631 1266 rudiore
657 1213 691 1264 et
720 1195 848 1266 leviore
871 1197 945 1268 sino
974 1217 1047 1270 arte
1076 1227 1182 1294 opera

136 1303 325 1374 dicunturt
349 1310 510 1396 conivere
533 1325 568 1376 et
589 1307 778 1394 scetiotem
806 1302 867 1372 de
879 1328 984 1395 opera
1012 1323 1180 1376 accurata.

141 1409 213 1480 Sed
250 1411 471 1482 librariorum
509 1411 740 1482 inconstantia
768 1411 876 1526 facit,
906 1427 945 1476 ut
979 1411 1069 1482 nibil
1097 1415 1183 1482 certi

138 1519 301 1591 constitui
319 1520 439 1612 possit.

180 1629 364 1694 Memento
384 1625 625 1710 donaremi-
647 1649 677 1693 e.
694 1624 829 1695 boras
817 1653 922 1719 ipsas.
951 1630 1084 1730 Nempe
1102 1628 1180 1698 Au-

135 1751 252 1822 gustus
285 1734 527 1805 subscribebat
553 1733 687 1819 literis,
711 1737 801 1806 lacre
824 1741 979 1826 prima,
1001 1736 1180 1823 secundet,
1227 1731 1229 1738 .

135 1845 261 1917 tertia.
284 1866 315 1912 v.
345 1842 419 1914 Cic.
443 1840 486 1908 ad
506 1843 581 1910 Div.
599 1843 628 1908 1.
649 1863 682 1910 s.
707 1858 741 1910 et
762 1844 848 1911 Intt.
874 1842 917 1910 ad
937 1842 973 1910 h.
995 1841 1022 1909 1.

186 1948 246 2022 51.
307 1948 524 2034 Clementia,
555 1965 607 2016 est
641 1973 680 2016 ea
707 1948 852 2031 virtus,·
869 1974 938 2040 qua
964 1945 1182 2017 moderamur

133 2043 347 2115 iracundiae.
393 2047 452 2114 Sic
478 2049 601 2117 Cicero
621 2046 665 2118 de
693 2043 912 2114 Fin.11.12.
936 2049 1084 2140 opponit
1105 2049 1180 2114 cle-

130 2168 274 2222 menter
292 2171 328 2222 et
350 2154 537 2221 iracunde.
560 2179 591 2221 v.
614 2155 749 2220 Manus.
772 2148 816 2214 ad
842 2149 937 2217 Coel.
960 2153 1027 2241 Ep.
1049 2155 1082 2221 8.

97 2315 102 2321 .
178 2265 337 2347 Votum,
359 2259 383 2326 i.
401 2283 431 2326 e.
454 2256 676 2327 voluntatem.
702 2258 797 2324 Pers.
819 2257 889 2326 sat.
911 2261 956 2328 V·
979 2263 1033 2329 53.
1079 2257 1180 2326 Velle

134 2395 241 2438 suum
263 2373 392 2460 cuique
409 2381 487 2450 est,
510 2391 575 2438 nec
591 2378 674 2433 voto
697 2367 842 2437 vivitur
861 2390 942 2434 uno.

178 2479 374 2560 commoto,
397 2476 421 2542 i.
438 2500 470 2542 e.
492 2475 591 2543 irato.
613 2471 737 2560 Virgil.
760 2472 848 2542 Aen.
868 2475 895 2544 Ι.
913 2464 987 2544 126.
1008 2469 1179 2562 gravtier

135 2598 349 2667 commotus,
372 2597 410 2650 et
430 2586 505 2650 clto
527 2584 775 2670 Prospiciens.

177 2691 312 2760 Aetati
342 2692 416 2756 noli
447 2689 654 2777 indulgere,
677 2688 700 2758 i.
733 2712 763 2754 e.
796 2683 868 2754 noli
895 2685 1041 2780 obsequi
1073 2687 1179 2760 calori

134 2797 252 2864 aetatis
273 2792 318 2861 ad
335 2794 529 2864 vindictam
554 2820 679 2887 prono.

183 2903 243 2978 52.
290 2903 363 2972 Suo
385 2905 595 2994 Romaeque
620 2906 771 2972 nomine.
817 2905 867 2970 De
890 2900 1027 2992 templis
1049 2903 1178 2971 Romae

134 3017 170 3070 et
188 3000 331 3088 Augusti
355 3027 386 3070 v.
412 3004 525 3070 Tacit.
553 3003 648 3068 Anu.
676 3005 704 3069 Ι.
734 3005 786 3091 78.
821 3003 966 3069 Gesner.
992 2997 1036 3066 ad
1067 2999 1177 3069 Clau-

135 3108 231 3174 dian.
254 3105 297 3172 de
323 3109 382 3176 VI.
407 3109 509 3178 Cons.
533 3106 664 3179 Honor.
691 3135 742 3198 17.
775 3126 810 3178 et
833 3130 918 3200 quos
951 3103 1069 3173 laudat
1096 3111 1175 3182 ou..

120 3211 244 3284 flend.
268 3211 311 3280 ad
333 3212 370 3278 h.
393 3212 416 3279 l.

181 3319 370 3400 cortinas,
401 3317 425 3383 i.
459 3343 488 3386 e.
526 3315 700 3411 tripodes,
732 3307 880 3410 quorum
907 3317 1070 3408 frequens
1096 3342 1177 3388 usus

132 3439 207 3496 erat
231 3423 269 3486 in
291 3414 455 3487 ornandis
477 3424 626 3492 Deorum
651 3425 811 3516 templis,
834 3427 1037 3514 praesertim
1058 3424 1185 3515 Apola'

129 3531 212 3604 linis
233 3546 268 3596 ct
290 3525 426 3602 Bacchi.
449 3553 482 3597 v.
506 3527 595 3599 Plin.
615 3533 659 3600 H.
681 3533 725 3598 N.
750 3531 914 3602 XXXIV.
939 3532 970 3601 ὅ.
992 3548 1027 3599 et
1044 3533 1173 3600 Casan

129 3644 261 3710 bonum
286 3633 549 3730 exquisitissima
574 3634 675 3706 adh.
697 3637 721 3704 l.
744 3655 932 3706 notantem.

170 3748 283 3817 Nudo
304 3761 479 3835 pectore,
513 3759 550 3808 ut
577 3743 810 3854 significaret,
845 3744 945 3816 malle
972 3772 1007 3816 se
1035 3713 1173 3836 occidi,

130 3870 232 3958 quam
253 3853 460 3923 dictaturam
483 3849 652 3938 recipere
676 3876 707 3918 v.
733 3853 875 3922 casaub.
898 3853 1001 3924 adh.
1023 3855 1048 3924 Ι.

180 3961 238 4036 53.
264 3962 497 4055 Inquietnre,
518 3959 662 4030 verbum
673 3983 793 4028 aureae
811 3962 928 4029 aetatis
944 3961 1172 4060 scriptoribus

1098 4087 1169 4132 non
