2814 4512
266 283 330 372 „a
584 272 988 344 cauteuua

314 463 527 542 decuteret,
558 474 639 525 sunt
667 455 892 544 gladiatores,
916 459 977 549 qui
1004 457 1184 526 retiarium
1212 456 1318 530 tose-

269 568 489 658 quebantur,
519 563 671 652 gladium
693 569 730 636 et
756 565 917 663 clypeum
946 568 1125 638 habentes.
1158 587 1193 638 7.
1216 567 1317 666 Lips.

270 678 410 746 Saturn.
437 673 535 761 11.7.
556 699 559 706 ·
702 697 705 704 ’
754 699 757 706 ·

280 782 494 872 Deflecit,
523 780 548 848 i.
574 806 606 856 e.
637 779 850 872 deploravit,
880 781 1060 868 miseratus
1089 797 1154 850 est.
1185 781 1318 852 senec.

267 889 311 960 ad
333 893 444 958 Maro.
466 892 519 961 26.
541 891 638 957 illo
622 893 791 978 tagenio,
815 913 883 978 quo
900 889 1022 959 civilia
1038 891 1130 960 tetta
1144 888 1314 997 defleuit.

268 1026 301 1074 7.
323 996 537 1067 Freinshem.
560 992 641 1064 Iud.
665 999 763 1066 Curt.
790 1021 825 1070 7.
845 998 1000 1065 Deflete.

317 1109 377 1183 31.
422 1106 760 1194 Insignirentur,'
749 1130 774 1173 1.
799 1130 831 1174 e.
863 1104 1009 1190 insignia
1034 1104 1173 1174 fierent.
1196 1102 1315 1171 Tacit.

268 1207 365 1276 Anu.
394 1205 488 1276 XVI.
521 1209 574 1274 13.
595 1202 828 1292 facinoribus
849 1204 1004 1296 fhcdum
1034 1229 1173 1281 annum
1200 1205 1318 1272 etiam

190 1332 193 1338 '
269 1317 343 1384 Dii
363 1313 495 1381 mordis
516 1312 746 1399 insignivere.
956 1380 959 1392 ,

311 1419 631 1509 Spectaculorum,
651 1421 675 1489 i.
695 1445 726 1489 e.
747 1419 923 1504 locorum,
945 1419 1111 1514 equibus
1131 1411 1208 1486 ludi
1226 1441 1315 1510 spe-
1396 1457 1397 1464 ι

269 1541 437 1610 utantur,
466 1525 538 1593 sive
568 1525 738 1596 sedilium.
801 1531 980 1620 Frequens
1010 1548 1075 1596 vox
1104 1524 1172 1592 hoc
1206 1547 1313 1592 sensu

257 1632 363 1725 ,apud
387 1631 609 1718 Suetonium,
639 1651 678 1702 ut
705 1633 771 1703 inf.
791 1639 844 1708 55.
867 1640 921 1708 56.
946 1632 1068 1706 claud.
1086 1635 1118 1705 6.
1148 1633 1212 1704 ubi
1237 1631 1314 1703 tid.

270 1738 506 1828 Oudendorp.

318 1849 380 1924 32
425 1846 520 1915 Ante
537 1845 638 1912 milet
665 1841 796 1912 excidit
815 1857 864 1914 et.

314 1945 541 2019 Decollandi.
584 1945 661 2012 Hoc
690 1943 854 2040 supplicii
878 1968 985 2034 genus
1009 1947 1164 2034 ignotum
1187 1946 1315 2042 priscis

270 2058 451 2139 Romanis,
476 2052 616 2120 demum
639 2048 710 2116 sub,
730 2052 1000 2140 imperatoribus
1016 2071 1136 2122 natum
1158 2071 1211 2122 est
1233 2079 1315 2124 cum

267 2171 347 2260 ipso
362 2164 471 2232 'verbo
490 2160 677 2226 decollare.
700 2158 831 2228 Lucan.
850 2163 952 2232 VIII.
965 2167 1045 2253 675.
1064 2163 1224 2230 nondum
1244 2189 1315 2232 ar.

272 2281 323 2346 tic
345 2286 428 2344 erat
448 2277 562 2358 caput
578 2287 662 2334 cute
685 2274 826 2342 rotare.
838 2291 874 2338 ’7.
893 2271 990 2374 Lips.
1013 2268 1057 2340 ad
1077 2271 1193 2340 Tacit.
1215 2271 1315 2341 Anu.

314 2484 510 2566 Mirmillc,
533 2497 585 2550 est
608 2477 798 2568 gladiator,
820 2477 954 2550 Gallica
976 2499 1151 2552 armatura
1175 2483 1313 2552 instru-

268 2611 368 2679 ctus,
391 2584 426 2658 et
447 2589 552 2684 pittis
573 2577 709 2675 insigne
725 2587 765 2655 in
787 2583 879 2679 galea
900 2611 1043 2675 gerens,
1063 2588 1159 2659 unde
1184 2608 1220 2662 et
1242 2617 1313 2660 no-

269 2715 352 2770 men
379 2698 527 2789 accepit.
559 2719 592 2768 7.
614 2695 765 2764 Fastis.
784 2718 817 2762 v.
840 2694 938 2787 Lips.
960 2696 1100 2766 Saturn.
1126 2697 1171 2765 11.
1196 2721 1248 2767 10.
1278 2713 1315 2766 et
1395 2691 1396 2710 ¹

269 2809 384 2884 Voles.
407 2803 452 2872 ad
469 2803 583 2874 Amm.
605 2800 763 2876 Marcell.
777 2802 908 2874 XXIII.
933 2808 966 2877 6.
988 2830 1025 2895 p.
1046 2805 1121 2891 417.
1191 2851 1194 2860 .

315 2911 539 3000 Budibur,
528 2935 553 2984 ι
570 2931 601 2982 e.
623 2909 739 3003 gladio
754 2909 933 3000 ligneum
955 2911 1030 2982 Liv.
1047 2907 1177 3030 XXVI.
1199 2914 1255 2982 51.
1279 2923 1315 2980 et

268 3025 320 3094 ibi
343 3024 498 3092 Gronov.

313 3133 498 3213 Botuere,
531 3131 676 3230 proprie
709 3130 902 3213 dicuntur,
934 3127 996 3220 qui
1027 3123 1174 3198 rudibus
1206 3144 1245 3194 se
1271 3121 1316 3192 ad

269 3261 422 3338 pugnam
447 3257 622 3308 exercent.
665 3239 745 3334 Ipsa
776 3236 975 3306 exercitatio
1002 3251 1146 3304 vocatur
1179 3235 1315 3302 botua-

266 3351 340 3432 tto,
362 3341 458 3412 unde
482 3340 618 3416 Gallica
639 3370 704 3417 vox
726 3343 884 3414 caraille.
906 3364 939 3410 7.
959 3340 1025 3410 ἱιι1.
1047 3345 1101 3412 54.
1124 3341 1224 3432 Lips.
1247 3341 1314 3410 Sa-

213 3517 216 3524 .
269 3475 366 3526 turn.
386 3457 415 3526 I.
441 3459 492 3528 15.
516 3471 551 3524 et
570 3452 710 3522 Salmas.
732 3448 777 3517 ad
796 3451 970 3542 Spartion.
994 3447 1160 3516 Hadrian.
1182 3451 1240 3519 26.

309 3565 473 3632 Admota
503 3564 670 3630 uictima.
713 3559 863 3630 Victima
893 3557 1038 3649 proprie
1068 3553 1199 3622 dicitur
1233 3580 1316 3624 arza

127 3633 134 3642 -
264 3671 457 3738 admoveri.
486 3669 612 3757 virgil.
635 3656 725 3740 Aen.
747 3667 827 3734 XII.
853 3665 1211 3755 170..Admovitquc
1234 3687 1313 3751 pe-

263 3803 328 3846 cus
345 3777 602 3868 flagrantibus
623 3777 715 3843 aris.
748 3769 852 3840 ovid.
873 3773 960 3840 Met.
977 3772 1073 3840 XIII.
1095 3775 1170 3859 755.
1194 3786 1313 3860 poet·

265 3907 375 3974 quam
392 3883 598 3950 crudelibus
618 3885 697 3949 cria
714 3881 878 3948 Admota
897 3893 965 3946 est.
988 3903 1020 3949 v.
1044 3881 1140 3968 Lips.
1163 3877 1207 3946 ad
1229 3882 1308 3946 Ta-

263 3993 320 4058 cit.
338 3989 441 4070 ·Ann.
462 3987 506 4054 11.
531 3990 584 4074 69.
607 4001 641 4054 et
668 3983 910 4058 Drahonum
934 3985 1009 4058 Liu.
1035 3984 1144 4056 XLV.
1169 3977 1240 4072 27.'

127 4113 131 4120 “
304 4127 307 4132 ·
1205 4093 1305 4160 Suc·
