2818 4516
501 295 875 376 TIBERIUS.
1146 321 1212 392 πῃ

177 435 321 573 tarent.
350 485 625 586 Hsc.pr01.11
648 486 700 558 54
723 507 842 553 meum
866 505 935 556 uon
957 486 1069 570 potui
1095 491 1216 556 tutan

172 609 298 678 locum
321 626 352 677 v.
378 602 530 672 Gronov.
553 592 658 662 adh.
680 591 706 658 l.
1200 593 1207 628 ³
1262 668 1264 672 .

220 710 387 796 Μίνω.
404 731 434 777 e.
456 705 610 798 insuper.
637 704 779 771 Terent
802 697 890 764 Eun.
904 697 963 766 V.·
958 700 1004 772 ·4·
1027 721 1078 772 ιι.
1100 703 1213 768 etiam

171 824 267 899 ultro
293 817 454 886 deriaum
478 811 634 880 aduenit.
658 806 733 874 Liv.
756 805 833 874 XL.
856 819 921 872 ιι.
938 805 1033 872 ultro
1060 807 1212 874 latronis

146 950 149 966 ¹
174 920 482 1016 apect'em'induit.
505 916 568 987 ubi
591 911 821 1004 va'Drakenh.
863 957 866 962 ·

225 1029 284 1104 12.
327 1028 521 1099 Privatum
541 1024 638 1110 egit,
657 1019 758 1106 gessit
774 1041 829 1103 se,
846 1033 886 1084 ut
903 1019 1070 1110 privatus.
1092 1023 1214 1094 lustin.
1250 1075 1252 1080 -

172 1130 205 1195 Ι.
225 1131 258 1198 6.
287 1139 451 1217 nepotem
472 1125 614 1212 magis,
639 1143 747 1210 quam
765 1121 941 1186 victorem
964 1125 1053 1209 egit.
1075 1122 1139 1190 inf.
1160 1129 1212 1193 26.

174 1234 314 1306 civilem
332 1235 422 1323 egit.
455 1225 650 1300 Translatio
669 1250 688 1293 e
707 1249 811 1296 scena
827 1224 934 1298 dueta
951 1243 1017 1306 ¹ast.
1038 1251 1071 1296 v.
1090 1229 1214 1301 Swarz.

175 1338 220 1408 ad
244 1337 334 1411 Plin.
352 1340 477 1428 Panag.
501 1343 552 1413 15.

221 1441 403 1516 Obu'oxius
420 1465 490 1534 est,
507 1473 572 1540 qui
557 1447 631 1514 oh
652 1435 775 1511 noxam
790 1439 969 1508 admissam
985 1442 1130 1510 alterum
1146 1467 1216 1511 no

172 1577 234 1622 nae
257 1556 434 1624 eonscium
462 1555 580 1637 timet,
610 1547 662 1616 illi
690 1551 786 1642 quasi
810 1549 986 1617 subiectus
1013 1571 1084 1635 est,
1113 1569 1219 1642 atque
1286 1538 1288 1546 '

68 1647 74 1658 ’
174 1659 260 1732 adeo
278 1664 453 1752 expositus
472 1662 630 1732 iniuriae.
654 1659 797 1730 Terent.
818 1659 903 1725 Hee.
922 1659 983 1725 ΙΙΙ.
1004 1683 1032 1729 ι.
1053 1681 1105 1731 22.
1125 1685 1217 1728 uxo·-

175 1771 212 1840 ri
235 1770 404 1840 obnoxius
435 1796 526 1839 aum.
560 1769 640 1836 Cic.
664 1768 771 1835 Bruto
797 1791 849 1856 17.
881 1769 980 1836 vivit
1006 1767 1219 1856 supplesset

176 1873 357 1948 obnoxius.
390 1879 460 1947 Ins.
488 1877 542 1949 65.
565 1877 829 1962 praetrepidus
851 1889 890 1942 et
912 1852 1081 1940 ohnosiiua
1107 1872 1215 1939 vixit.

176 1979 279 2048 Hane
301 1985 452 2054 verbi
421 2007 490 2053 rim
508 1979 694 2056 declaravit
714 1983 867 2056 Gronov.
885 1979 930 2047 ad
952 1981 1074 2053 Senee.
1096 1976 1140 2044 de
1161 1979 1219 2046 Ira

174 2086 237 2161 III.
260 2087 293 2155 8.
328 2085 423 2158 unda
447 2087 572 2163 Graev.
601 2086 647 2154 ad
671 2088 779 2163 Flor.
774 2089 850 2163 ΙΙΙ.
869 2108 924 2160 20.
946 2088 1006 2158 IV.
1024 2087 1057 2158 4.
1090 2085 1220 2176 aliique

171 2192 374 2265 hauserunt.

225 2305 455 2377 Deurteret.
510 2301 567 2373 sie
595 2275 697 2372 reate
730 2299 907 2386 editur,
906 2322 979 2368 non
1010 2301 1218 2369 diverteret.

71 2471 75 2482 .
175 2415 264 2494 Nam
283 2413 464 2480 devertere
485 2407 617 2480 dieitur
627 2461 638 2497 ,
661 2411 723 2504 qui
747 2410 791 2485 de
809 2411 864 2480 via
883 2407 1073 2477 deflectens
1092 2405 1220 2502 hospi-

178 2523 264 2586 tium
288 2520 404 2585 snbit=
425 2513 520 2584 unde
545 2519 787 2588 deuersorium
813 2538 849 2588 et
873 2520 1131 2588 deuerticulum
1151 2537 1223 2608 pru

177 2625 328 2715 hospitIo
349 2642 551 2724 ponuntura
575 2626 775 2714 divertere,
799 2628 860 2723 qni
880 2653 899 2693 a
920 2627 974 2694 via
991 2614 1083 2716 regia
1100 2624 1223 2694 defle&

177 2751 297 2819 etens,
318 2734 472 2799 semitam
492 2729 576 2808 inde
601 2733 641 2800 in
664 2733 798 2806 diversa
826 2731 1030 2806 tendentem
1056 2729 1220 2820 ingredi·-
1256 2739 1258 2742 ’
1306 2735 1309 2749 '

177 2859 261 2910 tura
283 2838 377 2913 unde¹
399 2840 651 2909 diverticulum
672 2862 724 2910 est
751 2844 870 2927 loeus,
893 2841 955 2908 uhi
981 2839 1068 2908 duae
1096 2843 1170 2912 viae
1200 2851 1224 2907 a'

177 2972 214 3018 se
238 2946 419 3020 recedunt.
463 2947 521 3016 Sie
552 2947 738 3014 discrimen
764 2949 890 3020 horum
914 2945 1101 3018 verborum
1130 2971 1219 3022 eon-

177 3057 289 3128 stituit
308 3054 481 3132 Drakenb.
507 3054 550 3122 ad
568 3057 643 3122 Liv.
661 3053 786 3125 XLIV.
808 3059 862 3123 42.
936 3075 939 3080 ¹

221 3163 402 3251 Beneficii
419 3168 478 3232 sui
505 3165 755 3245 centuriones,
773 3160 797 3227 i.
822 3185 851 3229 e.
876 3163 937 3251 qui
957 3163 1050 3231 illius
1076 3161 1221 3230 benefl-

183 3257 1228 3360 fflffloefflmmfflmmfflmwwmmss

181 3379 367 3469 aeficia'rii
381 3375 598 3445 dicebantur.
620 3403 652 3448 v.
666 3379 763 3468 Lips.
782 3376 826 3442 ad
849 3377 961 3445 Tacit.
983 3377 1071 3444 Hist.
1086 3377 1147 3448 IV.
1166 3375 1230 3454 48:
1252 3397 1256 3408 ’

180 3487 275 3556 Hine
300 3485 399 3554 fluxit
420 3485 555 3572 elegans
588 3485 756 3578 loquendi
773 3485 884 3571 ratio,
919 3507 994 3551 rem
1017 3484 1071 3556 v'el
1101 3488 1222 3574 domi.

182 3617 264 3660 uem
284 3595 344 3658 sui
364 3591 548 3682 beneficit',
572 3596 631 3660 sui
656 3595 816 3662 muneris
829 3595 982 3686 fudere,
1004 3591 1224 3682 profanare,

182 3717 223 3776 ut
245 3724 299 3770 res
318 3699 372 3778 vel
390 3698 528 3767 homor
550 3699 648 3767 nobis
669 3697 839 3792 pendeat,
860 3697 900 3763 in
917 3711 1040 3766 nostra*
1053 3687 1228 3792 potestate
1270 3749 1273 3754 ·

182 3811 236 3878 sit.
265 3803 371 3876 Ovid.
393 3807 512 3876 Amor.
531 3811 576 3875 II.
601 3813 650 3878 13.
672 3831 726 3874 22.
771 3807 902 3895 Digna
931 3817 1006 3892 est,
1030 3837 1137 3900 quum
1159 3811 1230 3882 ἰαί

149 3955 152 3962 1
185 3919 270 3984 beas
296 3918 457 3985 muueris
488 3940 565 3982 ease
601 3915 668 3982 tui.
700 3916 821 3988 lustin.
843 3913 940 3982 XIII.
963 3913 998 3984 4.
1030 3932 1074 3985 ut
1094 3943 1224 3994 munus

180 4025 332 4113 imperit
351 4024 517 4116 beneficii
537 4020 764 4109 auisaceret.
789 4020 912 4098 Claud.
928 4025 984 4097 25.
1032 4025 1220 4128 Comma...
1308 4049 1311 4056 .

1165 4161 1191 4217 t.
