2812 4512
272 239 313 320 64
395 320 397 327 ,
639 233 941 314 CAESAR.

268 419 307 501 «1.
330 418 459 497 Manll.
475 427 517 497 V.
547 429 599 504 35.
622 445 656 494 et
684 431 840 517 Lipsium
859 427 902 494 de
929 427 1032 495 Milit.
1065 427 1162 496 Rom.
1185 421 1250 498 lli«
1271 431 1302 503 8.

274 536 379 628 Quod
403 558 526 603 nornen
556 535 699 604 Ovidius
730 537 851 606 Amor.
866 535 893 599 1.
917 537 948 602 5.
975 538 1024 602 15.
1057 533 1231 600 transtulit
1255 535 1301 602 acl

274 645 445 712 hominem
462 641 570 710 levem
591 656 625 708 et
641 635 914 709 inconstantem:
936 641 1120 708 Non'oum
1139 642 1302 711 desultor

273 755 419 820 umoris.
441 751 503 815 ubi
525 775 556 817 v.
582 751 698 816 Heins.
889 757 893 766 '

277 875 285 889 ·
319 861 453 941 Troia,
477 873 527 923 est
555 853 656 921 ludus
680 857 846 944 equestris
869 877 1070 946 puerorum,
1094 879 1196 948 quem
1227 857 1298 928 ‹le-

272 965 399 1030 scribit
418 961 539 1048 Virgil.
563 961 649 1026 Aen.
672 961 717 1028 V.
740 959 812 1026 545.
831 983 929 1052 seqq.

276 1103 281 1120 .
317 1071 418 1138 Hinc
446 1083 483 1136 et
513 1067 617 1147 inde,
639 1065 671 1139 xi.
701 1087 732 1130 e.
763 1089 805 1131 cx
835 1063 977 1134 diversis
1003 1068 1171 1155 partibus.
1224 1071 1301 1138 Hae

272 1177 459 1270 particulae
482 1170 585 1240 modo
614 1191 691 1234 oum
723 1168 869 1259 copula,
899 1187 938 1236 ut
966 1172 1052 1256 iric,
1087 1175 1189 1243 modo
1220 1178 1301 1260 sine

255 1273 396 1375 'copula
427 1282 699 1366 coniunguntur,
734 1291 773 1340 ut
801 1278 882 1344 Ner.
914 1301 965 1366 27.
996 1295 1179 1349 matronae
1209 1283 1301 1353 hinc

274 1393 356 1458 zade
379 1391 541 1456 orabant.
564 1409 596 1453 v.
619 1384 741 1451 swarz.
765 1379 808 1446 ad
831 1375 920 1451 Plin.
943 1387 1067 1472 Paneg.
1087 1409 1139 1455 22.

314 1497 457 1577 Motae,
478 1508 558 1559 sunt
578 1489 648 1554 duo
672 1507 814 1574 corpora
836 1490 973 1573 conica,
995 1493 1139 1562 alterum
1155 1497 1198 1564 ad
1214 1521 1300 1566 car-

274 1623 387 1683 ceres,
410 1600 554 1698 alterurn
575 1595 618 1662 ad
646 1592 772 1660 calcem
796 1592 878 1657 circi
899 1595 1069 1692 positum,
1092 1601 1183 1668 circa
1208 1627 1302 1695 quae

275 1727 396 1775 currus
413 1709 455 1774 ah
473 1703 595 1789 aurigis
619 1702 742 1789 septies
764 1699 953 1769 flectendus
978 1719 1062 1772 erat.
1086 1727 1118 1774 v.
1136 1706 1302 1798 Propert.

274 1815 320 1880 ll'.
342 1839 390 1902 19.
412 1815 462 1880 65.
486 1811 601 1876 Horat.
631 1829 659 1874 1.
676 1809 795 1874 carm.
820 1833 849 1876 1.
872 1811 903 1879 4.
1001 1845 1007 1852 ·
1203 1815 1206 1826 '

274 1929 302 1948 '⁴
319 1917 506 2004 Stadium,
530 1917 657 1988 dicitur
676 1917 789 1997 locus,
813 1936 881 2004 quo
900 1923 1001 1981 cursu
1021 1920 1254 1991 contenditur.

275 2043 281 2070 ³
323 2026 476 2109 Codeta,
506 2041 544 2091 ut
575 2029 691 2092 Festus
718 2025 782 2106 ait,
813 2043 891 2107 ager
914 2041 964 2089 est
993 2039 1086 2092 trans
1115 2027 1305 2104 Tiberim.

274 2134 323 2200 sic
345 2132 474 2217 dictus,
505 2133 598 2224 quod
627 2136 670 2199 in
702 2155 742 2198 eo
769 2126 912 2212 virgulta
934 2149 1156 2200 nascerentur
1181 2129 1304 2198 caudis

212 2227 213 2230 Ἴ
272 2245 408 2334 'equinis
433 2243 565 2309 similia.
610 2241 662 2306 Ex
691 2237 854 2306 Suetonio
882 2235 1103 2324 intelligitur,
1134 2239 1303 2309 maiorem

272 2368 308 2418 et
328 2353 495 2420 minorem
522 2344 688 2416 Codetam
710 2343 823 2409 fuisse.

271 2482 282 2494 ·
317 2460 557 2535 [111111νί101,
579 2465 646 2519 aut
669 2455 892 2534 intervias,
928 2453 953 2518 i.
986 2475 1015 2518 e.
1039 2454 1077 2518 in
1107 2453 1211 2537 vicis,
1242 2471 1304 2520 aut

274 2567 401 2633 inviis.
424 2562 511 2647 Aug.
533 2561 586 2630 45.
611 2564 706 2627 inter
726 2563 916 2649 angustias
939 2564 1102 2628 vicorum
1119 2582 1300 2648 pugnan-

275 2687 341 2739 tes.
363 2666 454 2734 Flor.
474 2668 520 2733 ΙΙ.
545 2670 576 2736 6.
607 2691 644 2756 p.
665 2671 738 2737 516.
765 2667 888 2735 ,Haec
919 2669 1015 2734 inter
1041 2670 1187 2736 diversa
1219 2681 1302 2734 ter-

275 2801 400 2844 rarum
415 2776 569 2864 populus
591 2775 698 2840 Rom.
714 2776 776 2841 nbi
795 2799 826 2844 v.
849 2771 975 2842 Dulrer.
997 2774 1067 2842 illa
1086 2765 1301 2864 verosprae-

172 2915 179 2930 ·
273 2881 454 2975 positionis
473 2879 569 2946 inter
590 2883 752 2973 repetitio
777 2881 913 2973 optimis
933 2880 1159 2972 scriptoribus
1179 2883 1307 2947 usitata

274 3003 337 3054 est.
361 2987 477 3053 Horat.
499 2989 529 3053 Ι.
561 2991 668 3057 Scrm.
689 3015 720 3078 7.
749 3015 797 3057 11.
821 2991 917 3055 inter
944 2987 1109 3053 Hectora
1130 2989 1304 3054 Priami-

272 3096 364 3177 den,
387 3096 586 3162 animorum
605 3111 714 3185 atque
737 3101 833 3164 inter
851 3094 1032 3161 Achillem
1056 3091 1121 3159 Iro
1133 3085 1218 3180 fuit
1235 3115 1304 3158 cn-

267 3204 412 3292 pitalio.
437 3201 529 3291 quod
545 3201 614 3271 non
639 3203 806 3271 debuerat
825 3199 1006 3268 ‘offendere
1028 3223 1186 3287 magnum
1203 3201 1307 3268 Ben-

271 3311 403 3378 tleium.
425 3335 457 3378 v.
483 3311 556 3379 Liv.
581 3311 742 3382 XXVIII.
767 3313 797 3378 8.
821 3325 856 3374 et
877 3307 927 3374 ibi
949 3306 1121 3374 Drakenb.

269 3439 271 3448 ‘
316 3419 527 3502 Manerent,
549 3419 573 3485 i.
596 3439 626 3485 e'.
649 3433 903 3509 pernoctarent.
928 3417 1001 3482 Cic.
1024 3413 1067 3480 ad
1086 3415 1159 3484 An.
1179 3413 1308 3484 V.'16.

268 3527 506 3592 'multis‘loois
527 3551 570 3592 ne
601 3540 735 3592 tectum
756 3526 916 3614 quidem,
941 3538 977 3590 et
1004 3525 1041 3588 in
1070 3521 1310 3588 tabernaculo

275 3657 417 3698 monere
434 3637 657 3721 plerumque.
682 3633 755 3697 Liv.
780 3631 904 3698 XLIV.
929 3630 981 3698 58.
1015 3626 1203 3715 inquibus
1233 3651 1313 3692 ca-

271 3739 364 3804 stris
385 3737 454 3802 Irae
484 3754 585 3805 nocte
620 3739 826 3802 mansimus.
863 3761 893 3804 v.
919 3734 1057 3802 Salmas.
1081 3731 1123 3798 ad
1151 3733 1318 3820 Capitol.

274 3845 326 3911 M.
350 3845 478 3924 Anton.
503 3869 533 3930 7.
552 3861 600 3908 et
622 3843 773 3909 Gronov.
805 3840 847 3904 ad
871 3841 991 3906 Senec.
1026 3837 1070 3905 cle
1095 3827 1213 3905 Boniti.
1235 3839 1315 3910 ΙΙΙ.

271 3953 329 4017 ro.
374 3949 464 4014 Hinc
493 3952 692 4015 amasiones
715 3947 877 4014 dicuntur
901 3947 994 4032 luca,
1024 3948 1060 4012 in
1089 3943 1214 4034 quibus
1233 3943 1322 4010 iter

1246 4049 1324 4116 ia-
