2818 4516
93 349 95 359 ,
217 300 343 373 rm·
512 266 928 358 AUGUSTUS

219 463 290 534 ribi
312 459 435 533 doben
455 462 597 542 invenit
618 475 758 530 centum
784 483 927 547 aureos,
951 459 1042 565 'alius
1072 457 1270 534 dentiscale·

218 573 332 664 pium.
376 569 435 638 Sic
459 569 499 637 in
527 564 730 636 venditione
754 587 949 640 aversarum
971 571 1275 660 tabularuwas

222 680 309 748 sorti
331 677 386 748 vel
401 678 497 746 casui
514 674 804 769 permittebatur,
826 693 866 747 ut
882 673 968 748 alius
985 678 1161 770 acciperet
1177 682 1272 748 Par-

222 788 331 858 rhasii
354 784 530 868 tabulam,
554 782 638 850 alius
662 785 858 852 cucurbitas
881 785 1028 854 atironc
1051 787 1176 877 pictas.
1217 789 1276 856 Ita

222 897 321 964 bunc
355 893 470 966 locum
494 891 647 983 explicat
671 891 846 960 Gestaerus
869 894 908 962 in
941 893 1050 963 Thea.
1082 895 1124 964 L.
1160 880 1219 967 Ι...
1235 919 1272 968 v.

195 999 318 1078 ¹Sors.
1076 1059 1079 1066 .

271 1118 382 1204 Spem
401 1111 562 1200 explere,
585 1105 611 1175 i.
633 1129 664 1176 e.
686 1108 762 1198 spei
782 1108 988 1178 satisfacere.
1011 1111 1135 1179 lustin.
1155 1110 1275 1180 ΧΧΠ.

225 1225 260 1294 8.
303 1217 565 1306 Carthaginem
586 1227 733 1302 captam
755 1239 838 1304 spec
856 1220 1015 1285 omnium
1035 1221 1274 1308 expleturum.

191 1355 193 1362 ⁴
274 1325 337 1407 76,
384 1324 671 1407 Secundarium,
693 1323 718 1392 i.
737 1347 768 1392 e.
789 1325 933 1394 secundi
953 1342 988 1394 et
1006 1325 1189 1395 deterioris
1206 1353 1274 1414 ga-

226 1429 334 1499 neris.
371 1427 490 1494 Horat.
511 1423 557 1492 11.
586 1421 654 1514 Ep.
674 1417 799 1496 t.‘125.
820 1428 920 1496 vivit
946 1426 1092 1518 siliquis
1115 1439 1154 1498 et
1171 1452 1274 1518 pane

224 1535 392 1606 retundo.

169 1631 171 1636 Α
215 1713 220 1720 ,
270 1642 446 1732 Efferat,
466 1641 493 1708 i.
515 1661 546 1710 e.
569 1636 752 1732 decerptas
767 1661 820 1714 ,ex
842 1640 913 1710 iictt
932 1640 1079 1727 arbore,
1106 1665 1196 1734 quae
1217 1643 1273 1712 bis

225 1749 421 1844 ‘quotannis
435 1747 569 1819 fructus
590 1746 735 1819 ferebat.
758 1770 791 1821 v.
810 1747 990 1824 Columell.
1008 1749 1054 1820 X.
1076 1771 1127 1820 va.
1144 1750 1220 1822 405.
1237 1763 1276 1824 et

223 1863 395 1946 ¹'1¹orrent.
418 1853 463 1926 ad
486 1857 523 1938 h.
544 1854 570 1926 l.

272 1969 535 2050 (iactavimus,
563 1963 589 2034 i.
616 1985 648 2032 e.
679 1983 787 2054 parce
816 1961 1038 2032 comedimus.
1068 1985 1101 2034 ιι.
1132 1959 1274 2033 Salutat.

223 2071 270 2143 ad
294 2075 437 2166 Vopisc.
462 2059 575 2141 Tacit.
601 2093 651 2140 ιι.
1069 2071 1073 2076 ’

217 2261 220 2269 ,
274 2183 353 2252 Uva
376 2180 557 2252 duracina
587 2191 668 2261 est,
694 2197 783 2268 quae
814 2173 920 2246 duros
950 2174 1058 2248 babet
1081 2181 1210 2250 acinos.
1238 2199 1273 2250 v.

227 2289 410 2362 Columell.
432 2288 494 2358 ΙΠ.
513 2308 545 2354 a.
567 2301 604 2353 et
622 2284 768 2356 Casaub.
789 2282 834 2354 ad
855 2285 892 2356 h.
914 2284 941 2354 l.

272 2399 456 2466 Sublatis.
499 2395 672 2481 Angustus
692 2415 771 2490 cnm
786 2391 902 2462 multis
921 2391 1071 2462 ethnicis
1087 2391 1175 2460 falso
1191 2415 1274 2461 cre·-

226 2504 354 2590 debat,
370 2502 515 2594 ludaeos
537 2501 687 2570 sabbatis
700 2500 871 2585 ieiunare,
891 2499 987 2592 quod
1004 2502 1147 2570 sabbata
1162 2525 1272 2592 prae·

227 2613 330 2704 cipua
349 2612 548 2686 castimonia
568 2609 803 2693 celebrarent,
825 2625 866 2676 ut
880 2606 1058 2700 praeclare
1076 2607 1181 2678 docet
1199 2610 1272 2677 Ca-

227 2720 324 2786 saub.
348 2717 392 2785 ad
416 2717 453 2787 h.
475 2717 501 2788 l.
524 2743 545 2784 a
568 2715 663 2784 ouius
682 2715 851 2806 sententia
871 2716 984 2784 minus
1010 2717 1101 2811 benc
1129 2715 1273 2786 recessit

228 2823 409 2893 Ernestus.

270 2931 397 3000 Bucea
409 2927 463 3000 vel
482 2931 615 3004 buccea
626 2948 676 3002 est
686 2931 852 3019 frustum,
868 2944 1036 3027 quantum
1047 2931 1157 3000 bucca
1174 2952 1274 2998 com·

226 3036 330 3107 mode
352 3061 474 3133 capere
498 3056 623 3131 potest.
645 3043 785 3111 Petron.
805 3041 860 3112 44.
891 3051 961 3112 non
989 3040 1094 3109 toute
1122 3041 1273 3110 buccam

151 3165 152 3169 ’
227 3148 340 3235 punio
358 3149 523 3218 invenire
534 3150 657 3238 potui.
680 3172 712 3220 v.
734 3150 880 3219 Casaub.
902 3146 947 3242 aul
968 3147 1005 3216 b.
1027 3146 1054 3217 l.

274 3255 576 3341 Inohservantien
607 3271 659 3324 est
686 3279 752 3325 vox
778 3279 866 3328 nova
895 3274 939 3326 et·
962 3271 1043 3324 ante
1071 3255 1276 3328 Suetonium

152 3360 154 3363 ’
228 3383 302 3431 nou
338 3380 513 3456 usurpata.
574 3361 846 3453 Oudendorpius
881 3365 1036 3457 praefert
1066 3364 1278 3434 Msstorun

230 3469 480 3539 nonnullorum
497 3469 682 3538 lectionem
702 3470 953 3549 obtervantia.
976 3495 1080 3564 quem
1101 3470 1231 3542 ridete.

276 3577 342 3656 ¹77.
386 3580 573 3663 Imitare,
604 3603 677 3646 non
700 3577 809 3646 solum
839 3597 891 3647 est
918 3578 962 3646 nd
986 3579 1105 3672 epulas
1128 3599 1278 3666 vocaret
1381 3622 1386 3642 .

231 3675 294 3746 ted
316 3678 418 3746 etiam
437 3681 519 3752 rino
542 3677 723 3770 epulisque
744 3671 934 3750 liberaliter
954 3672 1109 3770 hospites
1131 3682 1278 3772 scripta

231 3808 282 3856 re.
327 3785 419 3854 Hinc
449 3790 550 3858 etiam
582 3789 642 3880 qui
667 3787 818 3856 libenter
840 3805 1055 3874 vescuntur,
1086 3805 1123 3856 et
1148 3787 1278 3876 largius

230 3888 381 3980 bibunt,
403 3918 441 3966 re
459 3898 557 3984 ι’]ιεοι
578 3896 739 3968 invitare
761 3893 1072 3995 dicuutu1·.'¹Plaut.
1095 3900 1278 3991 Amphitr.
1392 3921 1393 3950 t

1160 4087 1165 4094 .
1248 4005 1280 4094 b
