2814 4514
416 233 854 330 ‘causacum
1080 247 1167 360 ‘232

120 439 219 512 Anu.
234 437 264 508 1.
277 439 334 520 47.
355 440 574 530 conquisivit
590 441 871 534 impedimento,
886 431 1078 520 adornauit
1092 473 1166 520 ou·

60 547 75 585 ²
118 555 197 624 oea.
218 574 250 620 v.
278 549 407 622 Graev.
427 547 529 640 ιιΙΙι.
553 549 581 621 l.
603 566 640 620 et
659 565 777 619 notata
798 547 844 618 ad
867 549 949 622 Tib.
967 553 1021 626 58.

163 659 356 748 Stipatoa,
383 656 410 727 i.
431 681 463 728 e.
489 660 669 745 obsessos,
701 649 905 727 ut'tcansiri
935 681 1016 728 nou
1037 677 1168 754 posset.

118 766 198 837 Liv.
212 767 344 848 XXVI·
365 769 419 858 59
439 767 498 838 ito
515 769 653 838 in'arto
668 765 833 853 stipatae
849 779 958 836 erunt
973 791 1101 855 noves,
1122 787 1169 866 ut

115 880 183 948 vis
202 879 318 947 allam
335 877 447 944 telum
463 875 502 942 in
523 873 622 942 mari
640 895 778 941 vonum
795 873 1046 948 intercideret.
1082 879 1170 960 Sa!

110 1006 211 1076 pure
226 981 371 1078 proprie
386 996 438 1050 est
452 979 622 1066 densare,
644 1004 664 1047 a
685 977 822 1048 Graeco
840 985 995 1070 στείβειν.

161 1093 433 1182 Aequiuocum,
463 1084 550 1155 i.e.
583 1085 795 1155 confirmans
821 1088 999 1177 animum,
1033 1109 1167 1166 motum

110 1219 258 1272 emnam
275 1197 465 1290 deponens.
488 1193 563 1263 cic.
581 1193 628 1262 ad
644 1195 724 1266 Dia.
741 1195 852 1272 Ivns
873 1138 1047 1270 leobanius
1063 1203 1189 1272 aliod.

114 1297 253 1379 nihii
233 1330 273 1374 m
290 1329 359 1395 quo
377 1303 665 1394 acquiescamus.
745 1381 753 1397 .

170 1410 232 1488 52.
276 1415 485 1502 Dropides,
506 1411 531 1479 i.
548 1436 581 1481 e.
604 1410 726 1499 valde,
749 1410 844 1480 omni
861 1429 1021 1504 exparte
1042 1417 1167 1508 pictas.

116 1509 210 1582 Nam
227 1510 273 1582 de
297 1524 397 1596 auget
417 1508 715 1596 significationem.
735 1506 853 1582 Valer.
871 1505 986 1580 Flacc.
1009 1512 1071 1581 VI.
1090 1517 1166 1583 226.

116 1622 208 1694 Non
226 1624 318 1688 outo
336 1618 486 1706 depicto
505 1618 678 1708 chlamys.
699 1639 733 1685 v.
756 1612 923 1690 oudend.
945 1615 1048 1688 adh.
1076 1616 1104 1692 Ι.

162 1722 456 1809 Monulectua,
445 1747 469 1793 1.
487 1747 520 1792 e.
542 1723 660 1792 tunica
681 1719 826 1791 indatus
847 1726 1029 1796 manicata.
1054 1718 1181 1800 Plaut.¹
1237 1752 1239 1762 ·

117 1827 249 1903 Pseud.
270 1830 316 1900 11.
336 1821 374 1901 4.
392 1830 448 1900 48.
481 1833 726 1900 manuleotom
752 1830 916 1904 tunicam
934 1833 1068 1904 habere
1095 1833 1169 1902 Ιιου.
1244 1821 1246 1825 ⁴

117 1939 255 2012 minem
280 1939 396 2006 decet.
417 1958 450 2007 v.
471 1933 559 2008 Iatt.
583 1934 686 2007 adh.
707 1936 734 2033 Ι.

168 2041 446 2130 Cycludctua,
434 2066 459 2110 1.
485 2067 516 2112 a
548 2037 689 2133 cyclade
720 2041 877 2114 indutus.
924 2047 1062 2138 Gyoizs
1090 2057 1167 2113 erat

119 2152 222 2224 vestis
244 2149 404 2252 undique
423 2145 555 2236 clauso,
578 2171 682 2238 quam
700 2149 821 2218 melius
840 2149 1009 2223 describit
1025 2150 1173 2223 Salmas.

118 2258 166 2328 ad
186 2258 393 2328 Tertullian.
415 2253 501 2325 Pall.
522 2279 561 2346 p.
582 2281 654 2328 no.
676 2278 713 2331 et
728 2259 909 2362 Lamprid.
928 2259 1030 2334 Alex.
1048 2259 1168 2330 Seres.

116 2366 175 2440 41.
198 2391 303 2458 quam
323 2364 531 2436 Torrentius
555 2363 601 2433 ad
619 2365 655 2436 h
672 2363 698 2439 l.

160 2473 210 2543 In
228 2475 443 2562 crepidis,
431 2501 455 2546 ι
475 2498 507 2544 e.
529 2472 671 2543 indutus
695 2473 859 2568 crepidis.

163 2584 420 2672 Speculatorio
452 2582 642 2674 caligo,
632 2607 657 2650 1.
682 2606 713 2652 e.
744 2584 977 2654 calceamento
1003 2581 1049 2651 ad
1085 2592 1169 2650 me·

116 2683 211 2768 diam
223 2691 344 2760 tibiam
357 2675 607 2776 adscendenai',
626 2713 698 2782 quo
715 2684 905 2762 utebantur
921 2690 1165 2786 speculatores.

69 2859 76 2869 .
166 2798 228 2874 53.
271 2797 608 2882 Erudiiioni‚'1.e.
633 2796 850 2890 philologiae.

82 2931 85 2940 ¹
167 2895 459 3002 Ωιιιιιιιιιιηιιίι,1
449 2918 473 2964 ι.
495 2919 525 2963 e.
547 2891 659 2964 valde.

61 3091 64 3099 .
161 3005 365 3088 Ρενονιινε,
387 2991 425 3072 Ιι.
437 3000 463 3070 Ι.
480 3001 623 3092 ponitur
648 3019 716 3089 pro
744 3021 864 3088 orare,
887 3005 1075 3071 orationem
1093 2999 1163 3071 ha·

35 3186 37 3195 Α
117 3109 227 3178 bare
216 3134 254 3176 ιιι
272 3109 434 3200 aliquem.
456 3103 676 3174 Flor.1V.1
665 3131 736 3198 p.
725 3109 828 3180 ‚648,
850 3113 976 3180 conoul
992 3112 1031 3178 in
1042 3131 1167 3198 proo-

117 3230 257 3285 sentem
282 3239 385 3284 reum
401 3213 601 3306 peroravit.

167 3323 463 3408 Commiscioneo,
485 3337 568 3389 sunt
589 3323 775 3391 cortamina
796 3323 963 3406 oratoria,
987 3345 1076 3415 quae
1100 3323 1163 3388 in·

116 3433 211 3520 genii
236 3428 432 3501 ostentandi
463 3451 579 3497 caussa
605 3427 847 3498 instituuntur.
881 3453 915 3502 v.
942 3427 1088 3500 Casaub.
1117 3427 1164 3500 ad

118 3542 158 3611 Ιι.
178 3541 202 3610 Ι.
225 3557 262 3610 et
282 3557 399 3608 notata
416 3533 461 3606 ad
485 3537 574 3624 Aug.
594 3539 651 3662 89.
814 3537 816 3546 '

169 3649 338 3718 Arenom
365 3649 443 3716 aina
470 3647 596 3731 colse,
626 3647 651 3715 i.
678 3667 709 3712 e.
739 3641 929 3710 orationem
960 3621 999 3709 in
1030 3643 1164 3711 minuta

117 3758 272 3826 membra
296 3755 491 3844 concisam,
513 3752 587 3823 sine
613 3747 760 3822 vinculis
786 3767 823 3820 et
850 3749 993 3821 ambitu.
1016 3776 1049 3824 v.
1078 3752 1163 3824 Ina.
1240 3743 1276 3842 ἰ
1354 3836 1359 3847 ,

114 3861 265 3934 adl...]

162 3967 225 4050 54.
272 3965 476 4059 Cantor,i.
496 3994 535 4042 e.
555 3964 749 4058 tragoedus.
792 3964 879 4037 Nam
902 3965 1161 4139 tragoedusbfa·

1115 4087 1161 4128 u
