2814 4514
247 299 311 368 ou
442 378 447 396 ἱ
562 261 975 360 eni1euun

297 477 448 569 Cupiunt
460 475 671 568 feceret‚'
661 499 684 544 1.
711 497 741 540 e.
773 469 872 540 deret
892 483 1095 566 potestatem
1121 459 1292 546 habendi-⁴

247 584 370 681 Virgil.
392 586 481 655 Aen.
502 587 530 656 Ι.
551 588 625 654 5'20.
649 603 771 648 coram
792 580 882 648 dcta
903 582 1007 668 eopia
1019 579 1147 668 feudi.

263 691 585 776 Vocatoribus‚
575 714 598 760 1.
617 713 647 758 e.
669 685 796 767 servis,
819 684 881 778 qui
898 683 1056 755 convivas
1078 684 1124 753 sd
1147 707 1289 760 coenam

244 772 451 870 invitabant.
474 822 507 865 v.
532 797 695 863 Torrent.
719 788 820 858 adh.
843 786 869 857 l.

236 948 239 954 ·
289 906 430 976 Friocl
415 903 499 988 ιμ’.
522 927 551 968 e.
566 898 753 970 vilissimae
774 898 837 964 rei.
892 895 1023 966 Seneca
1052 891 1110 967 de
1126 901 1287 990 Tranqu.
1384 893 1385 946 ἶ

246 1012 371 1094 animi,
391 1034 422 1078 1.
443 1033 508 1076 uec
527 1011 624 1076 iuter
641 1006 847 1098 illofrivolu
868 1028 948 1072 meo
971 1017 1047 1073 tom
1064 1009 1199 1077 altus
1184 1031 1286 1114 eucef·

246 1119 302 1186 do.
325 1118 386 1186 ubi
408 1140 443 1185 v.
467 1116 565 1206 Lips.

204 1216 206 1222 ¹
295 1221 356 1299 40.
385 1223 688 1308 Exuberobot‚i.
704 1246 735 1292 e.
752 1219 894 1287 uberius
912 1235 997 1287 eret.
1018 1215 1143 1304 virgil.
1159 1216 1285 1305 Georg.
1386 1273 1387 1276 ,

242 1322 289 1392 II.
311 1324 386 1393 516.
376 1324 525 1412 ‚pomis
545 1324 723 1391 exuberat
743 1343 871 1388 onnus.
1257 1373 1260 1379 .

291 1433 519 1519 Statumque.
561 1427 665 1497 MSS.
700 1426 818 1522 plures
849 1427 982 1495 habent
1015 1440 1284 1514 statutumque,
1387 1449 1388 1462 ¹

131 1599 134 1608 ,
245 1533 342 1627 quod
359 1533 479 1604 melius
498 1550 551 1601 est
568 1534 713 1621 vulgato.
757 1538 843 1604 Nam
864 1549 1003 1602 etatum
1025 1529 1284 1622 dicitur„quo‹l

244 1645 288 1709 ab
311 1643 455 1732 antiquo
471 1657 624 1730 tempore
647 1639 829 1708 definitum
858 1657 893 1708 et
915 1639 1081 1710 sollemne
1102 1658 1177 1726 este
1203 1654 1283 1707 eto·

244 1765 385 1829 tutum,
425 1743 521 1839 quod
551 1769 663 1836 nuper
689 1745 866 1814 decretu-m
897 1764 932 1814 et
956 1749 1191 1816 constitutum.
1235 1751 1286 1816 De

245 1858 372 1926 horum
399 1856 582 1927 verborum
607 1852 808 1928 discrimine
834 1845 1015 1928 adeundus
1047 1852 1212 1926 Oudend.
1242 1851 1284 1920 sd
1391 1939 1392 1950 ἵ

238 1966 281 2036 h.
303 1964 328 2032 l.

237 2083 241 2092 '
295 2077 490 2168 Concipere
512 2091 566 2155 est¹
588 2089 683 2144 ceste
697 2097 741 2169 cc
757 2073 914 2144 sollemni
938 2073 1123 2144 verborum
1140 2070 1285 2156 formula

244 2185 380 2281 aliquid
407 2179 715 2274 comprehendere.

247 2337 250 2346 Δ
291 2297 459 2366 Donasse
475 2293 680 2378 negotium,
700 2291 726 2360 i.
738 2315 775 2361 e.
796 2287 904 2378 alite,
920 2312 1023 2384 quam
1035 2289 1284 2375 intentaverat,

239 2419 372 2499 >sponte
396 2398 578 2466 destitisse.

293 2509 482 2596 Captum,
503 2508 646 2601 proprie
677 2520 730 2574 est
758 2528 889 2574 merces
912 2507 1036 2576 artium
1066 2506 1287 2578 sordidarum

229 2632 281 2690 et
300 2615 557 2682 obscoenarum.
601 2615 730 2682 Seneca
751 2615 778 2682 1.
813 2618 933 2684 Contr.
960 2637 991 2683 2.
1007 2619 1136 2704 pretia
1162 2617 1286 2705 stupri

244 2722 423 2806 accepisti
433 2765 443 2802 ‚
466 2732 503 2786 et
518 2744 647 2787 manus
664 2733 840 2810 eruiturus
859 2727 955 2792 tulit.
978 2725 1039 2791 ubi
1059 2720 1129 2792 vid.
1153 2721 1284 2792 Schul-

246 2827 331 2912 ting.
355 2825 514 2916 inprimis
537 2827 729 2895 Cesnubon.
752 2827 796 2894 ad
819 2829 855 2897 h.
878 2829 903 2898 l.

237 2960 239 2968 ’
301 2937 527 3002 Tenereutur
552 2933 707 3020 publico.
762 2936 956 3005 Publicum
991 2952 1043 3005 est
1084 2937 1287 3022 aerarium,

228 3063 318 3111 'non
346 3035 517 3125 vectigal,
552 3053 591 3105 ut
619 3038 798 3129 accipiunt
832 3045 928 3134 Lips.
965 3041 1010 3109 ud
1044 3044 1157 3112 Tacit.
1189 3045 1286 3114 Anu.

192 3138 196 3148 ’
245 3149 341 3218 XIII.
364 3150 417 3218 51.
449 3163 485 3212 et
507 3145 657 3214 Brisson.
682 3144 726 3214 dc
753 3152 797 3218 V.
820 3151 855 3220 S.
887 3153 960 3218 Liv.
981 3153 1025 3222 V.
1047 3155 1101 3222 50.
1135 3175 1218 3220 cum
1247 3155 1287 3220 iu

239 3245 386 3349 publico
409 3253 549 3321 deesset
568 3277 712 3322 curum.
745 3255 807 3321 ubi
827 3279 859 3326 v.
878 3251 1007 3324 Duker.
1051 3257 1204 3328 Publice
1227 3273 1284 3327 te*

199 3359 201 3364 ’
245 3364 327 3434 neri
350 3357 535 3443 dicuntur,
572 3361 699 3450 quibus
727 3357 803 3449 lege
833 3365 1018 3432 necessitas
1049 3365 1208 3456 imposita
1236 3379 1287 3432 est

222 3469 414 3556 uectigalis
438 3465 570 3532 aerario
590 3464 756 3533 solvendi.
779 3492 812 3540 v.
830 3469 967 3539 Ernest.
989 3468 1088 3539 adh.
1110 3469 1136 3540 l.

270 3576 558 3658 -Meretricium,
590 3597 678 3648 nove
707 3572 836 3641 dicitur
865 3600 933 3667 pro
965 3581 1185 3647 meretricum
1214 3597 1286 3647 arte

241 3701 277 3753 et
298 3683 378 3752 vita.
409 3681 479 3747 -Sic
500 3683 538 3748 in
560 3680 677 3770 glossis
706 3685 877 3752 veteribus
901 3688 1149 3754 meretricium
1171 3711 1284 3782 expe·

240 3792 338 3870 nitur
359 3790 528 3873 isuipnou.
550 3815 583 3858 v.
608 3789 839 3888 Oudendorp.
864 3791 907 3859 ad
931 3794 969 3860 h'.
991 3791 1016 3861 l.
1043 3809 1046 3812 “

148 3895 149 3900 ’
287 3895 349 3970 41,
397 3895 630 3983 Scriptume.
674 3899 784 3989 Atqui
813 3897 990 3966 nulladum
1025 3920 1098 3969 eret
1125 3904 1284 3992 scriptu-

239 4018 300 4082 τε,
323 3992 383 4064 sed
405 4011 524 4089 postes
547 3993 684 4074 demum
699 3996 754 4066 lox
777 4001 952 4097 proposita
977 4016 1030 4070 est
1050 4001 1286 4070 minutissimis

1084 4107 1283 4224 ...[5,
