2814 4514
450 277 846 402 curuatas:
1108 317 1222 408 ..ι’
1297 299 1350 334 ²

125 505 191 577 hos
209 501 417 573 hubitus'cst
438 491 608 562 clarorum
635 493 787 566 virorum
811 495 953 583 funeri,
974 515 1014 568 ut
1043 495 1181 572 milites.

125 613 232 680 armis
259 602 442 685 instructi,
474 599 585 688 gradu
619 600 761 678 militari
789 623 826 674 et
856 601 992 673 ludicro
1020 607 1172 702 quadam

126 715 372 784 exercitatione
399 709 491 776 circa
510 731 630 797 rogum
656 708 896 780 decurrerent.
927 711 1052 802 Virgil.
1076 712 1169 785 Aen.

127 823 192 894 xl.
215 824 290 894 188.
336 821 408 888 Ter
428 818 567 885 circum
586 837 782 901 accensor,
804 818 919 889 cincti
936 815 1175 912 fulgentium

126 931 270 1013 urrais,
302 925 510 994 Decurrere
541 947 658 1014 rogos.
691 949 724 995 v.
750 923 836 995 Stat.
863 924 978 994 Theb.
1000 925 1062 998 vl.
1094 929 1172 996 213.

124 1037 191 1130 qui
210 1036 306 1101 hunc
332 1051 464 1100 morem
491 1029 742 1146 accuratissime
763 1028 976 1124 descripsit,
1006 1049 1044 1103 ct
1071 1032 1175 1127 Lips.

124 1139 172 1214 ad
195 1137 314 1206 Tacit.
329 1136 425 1206 Ann.
440 1136 486 1204 ΙΙ.
475 1159 539 1224 ..7
1233 1142 1238 1150 “

106 1279 110 1286 ·
170 1244 489 1338 Supplicatum,
478 1267 503 1313 1.
532 1268 565 1312 c.
604 1267 700 1318 sacre
725 1244 892 1318 fecerent
923 1271 956 1318 v.
986 1207 1104 1316 uotatu
1123 1245 1173 1316 ud

127 1354 220 1441 Aug.
238 1355 292 1424 65.
659 1418 664 1426 1

173 1461 379 1544 Gloriosus,
400 1471 461 1527 est
482 1457 609 1550 gloriae
636 1455 804 1552 cupidita,
824 1472 1003 1556 appetens.
1046 1459 1174 1529 Gloria

129 1585 212 1638 vcro
210 1567 371 1660 proprie
395 1565 524 1636 dicitur
551 1569 596 1638 de
612 1564 736 1651 laude,
760 1585 849 1658 quae
871 1565 965 1635 bello
989 1589 1174 1664 compara-

131 1690 201 1745 tur.
224 1698 256 1743 v.
278 1675 364 1742 Intt.
384 1672 429 1742 ud
449 1669 597 1742 Phaedr.
618 1670 647 1742 I.
672 1691 724 1742 ιι.
747 1696 779 1742 1.

132 1782 318 1872 Opima
338 1785 474 1872 spolia,
496 1805 583 1875 quae
608 1779 686 1874 quis
707 1775 857 1850 hostium
882 1777 963 1848 duci
984 1801 1080 1850 caeso
1103 1779 1176 1860 dez

132 1887 671 1972 traheret.v.Perizon.Anim.
695 1883 982 1978 Hist.oap.v11.
1143 1897 1146 1904 ⁴

182 1993 388 2078 Omnino,
377 2019 400 2062 ι.
422 2017 452 2062 c.
476 2009 620 2060 tantum.

117 2145 139 2166 .-
182 2101 220 2177 2,
262 2096 407 2170 Morbis·
433 2101 641 2182 tenacibus,
673 2097 697 2168 i.
732 2123 763 2170 c.
799 2099 1085 2187 contumacibutt‚
1117 2105 1179 2194 qui
1286 2083 1289 2089 ’

131 2225 216 2276 nou
230 2199 397 2269 oederent
419 2197 580 2266 remediis
601 2197 691 2267 ullis.
739 2200 797 2269 Sic
821 2211 930 2274 tenax
939 2202 1098 2291 fortuna
1116 2200 1182 2268 di·

133 2312 229 2381 citur
251 2309 294 2375 ub
316 2301 421 2374 ovid.
442 2307 504 2377 IV.
526 2331 569 2374 ex
589 2307 628 2375 P.
653 2311 685 2378 6.
709 2327 741 2395 7.
765 2321 883 2376 team*
901 2331 1015 2401 equas
1044 2307 1087 2375 eb
1115 2331 1178 2380 eo·
1234 2311 1268 2330 ”

39 2489 42 2496 ,
133 2422 219 2488 dem
238 2403 355 2488 Amor.
374 2415 439 2483 ΙΙΙ.
458 2415 493 2484 4.
517 2416 568 2484 13.
591 2430 627 2481 ct
643 2415 742 2481 Livio
761 2415 927 2486 XXXIX.
950 2419 1003 2491 25.

181 2530 275 2597 Post
294 2524 447 2592 tutelam
467 2533 669 2608 receptam,
691 2523 715 2588 i.
735 2543 765 2590 e.
787 2538 970 2615 postquam
991 2520 1092 2594 desiit
1110 2545 1184 2596 esse

135 2637 201 2706 suh
235 2648 368 2716 tutore,
403 2644 588 2720 postquem
619 2630 763 2709 tutelam
793 2633 847 2698 sut
879 2632 1024 2722 recepit.
1065 2627 1183 2724 Nepos

39 2830 41 2840 Ι
136 2744 238 2814 Eum.
262 2763 294 2810 ι.
328 2739 448 2830 quoad
472 2738 578 2805 liberi
604 2739 683 2806 tias
712 2739 752 2804 in
776 2731 880 2804 tuom
909 2739 1062 2806 tutelam
1085 2755 1185 2829 pore⁴

135 2855 325 2924 venisseut.
348 2872 380 2918 r.
403 2848 540 2915 Ernest.
561 2844 605 2911 ad
627 2842 664 2912 h.
685 2841 711 2910 l.

56 2928 99 3036 12⁴.
137 2989 139 2996 ·
182 2956 430 3024 lamentariae
455 2953 606 3034 dicitur,
635 2951 697 3040 qui
723 2967 859 3038 praeest
886 2949 1059 3024 iumentis.
1105 2947 1186 3019 Sua

73 3062 473 3174 {periameatoriam
504 3057 566 3154 qui
590 3051 785 3145 praefectus
817 3071 869 3124 est
897 3049 1120 3126 iumentariis.
1149 3075 1184 3126 v.

83 3156 287 3284 {wasseb
310 3163 412 3232 adh.
433 3164 459 3235 l.
1070 3204 1074 3216 ·

141 3275 441 3358 Pollu’olatac,
474 3275 499 3340 i
531 3295 562 3340 e.
591 3260 698 3360 pallio
730 3283 833 3361 caput
866 3284 1020 3356 tegens,
1045 3283 1086 3334 ut
1122 3286 1186 3334 ee

140 3387 231 3478 groti
263 3381 376 3449 fucere
403 3377 571 3446 solebant.
604 3375 710 3445 Rutil.
740 3379 830 3468 Lup.
857 3378 903 3447 ΙΙ.
933 3398 970 3470 p.
998 3373 1069 3442 104.
1092 3376 1184 3460 pal·-

19 3565 20 3570 ,
143 3499 223 3570 Ιίοἱο
237 3491 371 3582 frigas
396 3513 421 3557 a
449 3486 569 3573 capite
592 3477 797 3572 defindem.
830 3484 950 3554 uhiv.
975 3501 1062 3572 quae
1081 3489 1188 3558 rt'otu-¹

19 3589 44 3663 Ὶῖ’ἑ
146 3607 270 3674 vimus.

71 3713 74 3721 “
194 3711 232 3786 3
275 3701 557 3794 Experimento,
572 3695 603 3766 i.
629 3719 659 3768 e.
683 3697 884 3791 specimina.

97 3879 100 3890 ,
119 3814 303 3900 Spem
333 3801 624 3884 commodiorem,
655 3799 736 3869 ie.
768 3801 957 3874 meliorem.
994 3791 1193 3869 Caesarie

45 3891 49 3898 ¹
149 3919 188 3990 B.
211 3916 256 3988 G.
277 3912 356 3988 VII.
379 3912 411 3980 6.
434 3908 609 3979 urbanae
615 3931 676 3978 ree
698 3911 1002 4086 cpmprodiorem
986 3933 1026 3978 m
1054 3913 1192 3974 statam

787 4091 790 4097 .
1098 4033 1196 4102 per·¹
