2818 4516
430 265 844 350 Iuccsnus.
1042 279 1153 373 ,ηδ
1248 329 1255 352 .

117 469 214 534 curt.
233 459 330 537 vm.
350 460 381 531 8.
404 481 428 528 a
447 481 515 550 qno
536 474 721 532 revocatus
738 463 790 530 aci
809 461 927 531 vitam
943 474 1055 549 emt,-
1067 479 1151 567 cuin*

112 573 301 662 intersticio
326 569 416 642 Clito
441 570 535 636 mori
549 583 820 658 perseveraret.
851 593 884 642 v.
917 567 1068 642 Gronov.
1103 574 1150 642 ed

73 675 78 684 ’
111 681 232 750 Sencc.
256 679 362 770 Hipp.
387 675 461 746 264.

161 787 223 864 54.
266 790 306 854 ci
330 790 445 854 iocum
466 783 643 856 haberem.
686 782 846 852 Indicerc
867 781 1020 872 volebat,
1042 789 1154 878 ipsam

110 887 385 979 rempublicam,
408 885 477 953 sive
502 884 616 950 omnia
635 886 674 952 in
692 908 767 974 rep.
790 884 866 954 loca
883 903 1049 978 occupate
1067 911 1152 958 esse⁶

112 1019 144 1066 v.
168 995 312 1066 casaub.
334 989 380 1060 ad
401 990 438 1059 h.
460 989 486 1059 l.

157 1106 203 1171 Se
223 1101 465 1192 proripienti,
486 1099 510 1168 i.
533 1123 564 1168 e.
587 1095 745 1166 celeriter
763 1096 919 1186 fugienti.
942 1098 1018 1168 Liv.
1032 1099 1078 1168 Π.
1098 1103 1153 1170 23.

108 1213 221 1282 Neeu
241 1208 358 1276 vincti
375 1207 551 1295 acinique
574 1229 612 1272 ce
631 1207 788 1298 undique
806 1208 845 1276 in
855 1206 1046 1296 publicum
1054 1231 1166 1297 pro·-w

116 1319 270 1408 ripinnt.
293 1315 355 1382 ubi
376 1339 408 1386 v·
431 1311 606 1382 Drakenb.

154 1427 354 1514 Ingenia,
386 1436 438 1489 est
468 1443 590 1508 magna
620 1421 720 1513 copia
747 1421 900 1508 inferre,
932 1415 1155 1496 translatione

112 1533 218 1626 (lucta
239 1558 259 1598 a
282 1529 378 1616 telis,
401 1553 488 1620 quac
504 1530 542 1596 in
556 1526 689 1598 hostem
704 1533 817 1620 ingeri
832 1531 1017 1617 dicuntur,
1039 1549 1075 1600 ct
1095 1531 1154 1602 se-

112 1666 151 1712 re
182 1654 368 1729 usurpetur
394 1635 439 1704 dc
470 1660 508 1706 rc
540 1638 700 1725 ingrata,
733 1653 896 1730 tanquam
925 1642 1086 1712 conviciis
1119 1657 1157 1730 ct

112 1749 234 1844 plagis.
250 1750 403 1822 Terent.
425 1741 539 1813 Andr.
561 1746 735 1816 rv.1.16.
758 1750 924 1838 ingeram
939 1753 1035 1818 male
1055 1751 1155 1818 mni·

110 1872 165 1924 cc.
187 1854 249 1922 ubi
269 1876 302 1920 v.
323 1853 446 1920 Donat.
468 1849 600 1920 Tibull.
621 1850 664 1917 ΙΙ.
689 1856 720 1922 5.
744 1875 816 1922 101.
839 1857 991 1945 Ingeret
1011 1856 1155 1944 kicpo.

111 1979 175 2032 ine
198 1961 341 2028 invenie
362 1958 556 2026 maledicta
570 1959 728 2046 puellae.
751 1958 812 2026 ubi
838 1957 939 2049 plura
960 1960 1045 2030 Inct.
1078 1963 1156 2032 Liv.

108 2070 177 2139 111.
189 2065 256 2136 68.
290 2066 391 2136 vocis
413 2063 696 2151 verborumque,
696 2055 705 2070 ’
729 2079 903 2154 qnantum
920 2068 1071 2180 voletis,
1093 2069 1155 2138 in
1199 2072 1206 2084 '

109 2187 257 2267 gerent

50 2280 53 2286 ’
164 2284 231 2354 An
254 2296 383 2352 essent.
434 2280 500 2350 An
529 2278 674 2370 ponitur
695 2297 764 2368 pro
797 2303 940 2370 ennon,
973 2279 1067 2377 quod
1096 2274 1158 2350 hic

111 2387 260 2483 quidam
274 2403 460 2480 reponunt
484 2384 587 2454 Male.
608 2384 682 2453 Cic.
703 2384 749 2454 de
766 2388 835 2456 08.
856 2393 888 2458 Ι.
907 2397 956 2464 15.
979 2417 1028 2460 an
1046 2391 1156 2459 debe

110 2524 192 2568 mne
216 2500 360 2566 imitari
381 2520 492 2587 agree
503 2493 685 2583 fiertilec?
719 2493 823 2564 ovid.
850 2497 969 2569 Amor.
992 2503 1021 2569 Ι.
1045 2524 1078 2587 7·
1100 2519 1154 2588 29·
1198 2533 1205 2546 f
1236 2587 1239 2594 .

109 2609 204 2692 An,
240 2607 274 2674 ci
290 2610 498 2693 pulsassem
528 2601 717 2670 minimum
744 2600 788 2669 de
813 2604 920 2691 plebe
954 2606 1136 2691 Quiritem
1143 2649 1156 2689 ,
1239 2595 1244 2601 ¹

108 2712 324 2784 Plecterer?

161 2821 417 2906 contumacia,
450 2835 501 2888 cst
524 2819 653 2888 ferocia
681 2819 806 2906 animi,
838 2843 926 2913 quae
958 2833 1052 2887 non
1043 2809 1157 2887 cedit

113 2929 361 3020 superioribus.
393 2955 424 2998 v.
458 2930 582 2998 Graev.
605 2924 707 2994 adh.
729 2926 752 2995 l.
798 2928 848 2996 Ea
877 2949 949 2994 non
979 2923 1127 2992 solum'
1117 2941 1156 2988 m
1243 3005 1247 3014 ι

110 3037 226 3104 verbis
253 3053 329 3121 est,
360 3035 421 3104 scd
451 3036 553 3105 etiam
579 3035 618 3102 in
644 3031 756 3103 factis.
786 3035 872 3126 Sup·
898 3035 953 3103 24.
984 3035 1157 3121 legionem

109 3145 362 3210 eontnmnciue
380 3159 584 3231 parentem.

158 3247 333 3318 chcecc
361 3250 492 3316 iibelIcc
521 3275 592 3318 non
616 3253 789 3338 expavit,
811 3249 836 3318 i.
860 3274 891 3317 e.
913 3249 1074 3318 adversus
1099 3243 1156 3310 fa-

110 3373 223 3442 mcsos
256 3348 390 3421 libellos
418 3354 536 3424 firmus
568 3353 655 3439 suit,
688 3375 728 3424 ut
758 3356 918 3450 lo'quitur'
939 3355 1036 3450 Tib..
1049 3353 1102 3422 28.
1123 3374 1156 3420 v.

110 3437 267 3530 Gionov.
291 3457 334 3526 ed
360 3458 471 3530 Tacit.
495 3458 600 3528 Anu.
612 3465 708 3534 XIII.
735 3488 786 3536 21.

165 3567 227 3642 55.
271 3568 498 3684 Requieitie3
521 3591 591 3685 pre
617 3571 767 3663 simplici
789 3571 979 3661 quaesitio.

159 3667 234 3734 Sub
254 3670 370 3738 alieno
395 3661 535 3734 noniine
551 3669 604 3752 ,i.
627 3693 658 3738 c.
681 3688 720 3739 ut
739 3675 814 3764 ipse
839 3672 969 3739 librum
999 3663 1158 3737 conscri-

110 3775 196 3858 bat,
227 3775 311 3843 alius
341 3775 478 3844 titulum
499 3776 597 3844 serat.
635 3778 686 3844 Dc
715 3777 781 3845 hac
795 3775 969 3846 locutione
991 3800 1022 3844 v.
1042 3769 1158 3842 Burm.

107 3877 159 3944 nd
186 3880 289 3949 Ovid.
316 3883 489 3952 Trist.11.
514 3889 585 3954 551·

163 3987 223 4064 56.
259 3993 573 4062 Testamentornm
596 3996 756 4064 licentia.
781 3995 857 4062 Mos
881 4009 952 4062 erat
974 3987 1066 4082 apud
1084 3987 1160 4054 Rc·

1082 4110 1158 4158 ma.
