2818 4516
443 279 854 364 Auo'osrus
1007 381 1014 410 .
1103 279 1165 372 169

128 475 387 588 praefecturas¹
404 471 444 548 'et
467 480 624 546 ducatus
652 474 820 543 mulieres
845 465 1072 535 ordinabunt.
1103 464 1166 532 ubi

135 625 168 670 v.
192 573 355 666 Gronov:
366 603 402 656 et
420 581 584 652 Oudend.
607 579 650 648 ad
672 586 779 672 Vesp.
802 580 854 648 25.

180 701 241 781 47,
281 693 513 778 Provincias.
559 687 731 774 Augustus
750 681 944 772 provincias
963 703 1041 764 oum
1057 678 1169 746 Sena⁴
1229 717 1232 722 ·

133 819 173 870 tu
191 804 301 891 Eque
321 799 365 866 R.
389 789 513 858 callide
535 789 584 856 sio
603 785 845 877 pertitus-est,
872 797 910 847 ut
928 782 1089 862 maiores,
1113 793 1172 844 aut

134 908 237 978 bellis
258 902 421 976 obnoxias
443 899 511 964 sibi
533 891 689 986 saperet,
710 891 859 956 minores
877 905 935 955 aut
952 903 1088 980 pacatus
1106 885 1173 952 Se·
1196 911 1198 916 ¹

136 1015 233 1084 nutui
250 1011 477 1100 relinqueret.
521 1003 592 1095 Qui
615 1003 654 1067 in
676 1001 821 1092 Senatus
839 994 1032 1086 provincias
1052 991 1174 1056 mitte·-

127 1131 286 1203 'rentur‚
316 1115 548 1206 proconsules
578 1107 804 1182 dicebantur:
836 1105 898 1195 qui
929 1103 968 1168 in
998 1099 1176 1185 Augusti,

96 1293 99 1298 .
135 1229 277 1317 Legati
299 1220 468 1311 Augusti
492 1239 561 1306 pro
582 1229 774 1306 praetore,
806 1211 860 1282 vel
878 1209 1085 1299 praesides.
1126 1205 1189 1286 De¹

60 1356 71 1362 “
136 1337 204 1403 bae
228 1333 395 1402 divisione
414 1325 545 1394 classici
567 1323 635 1392 looi
656 1339 738 1390 sunt
765 1319 945 1390 Strabonis
964 1314 1064 1385 XVII
1086 1326 1176 1380 extr.

138 1459 175 1512 et
194 1443 294 1538 Dion.
319 1439 412 1506 Cass.
433 1433 524 1499 LIII.
547 1455 584 1520 p.
607 1431 699 1499 505.
725 1428 767 1521 In
789 1427 938 1506 minores
963 1421 1180 1516 provincias,

54 1617 59 1623 ,
139 1565 304 1641 tanquam
329 1537 514 1621 Iudaeum,
536 1532 715 1601 interdum
745 1533 971 1600 mittebantur
990 1552 1178 1618 procura·-
1237 1511 1240 1520 Δ

140 1669 236 1723 tores
262 1650 445 1722 Caesaris.
489 1644 648 1733 Aegypto
674 1663 756 1710 vero
777 1643 948 1729 Augustus
973 1631 1182 1722 singularem

140 1759 284 1828 formam
301 1751 418 1831 dedit,
442 1751 544 1818 misso
561 1748 599 1813 in
616 1745 709 1814 illam
723 1751 862 1840 equite,
886 1749 947 1840 qui
960 1740 1177 1831 praefectus

138 1865 366 1956 'Augustalis
393 1859 584 1927 dicebatur.
619 1878 652 1925 v.
688 1855 760 1928 Tit.
789 1857 830 1924 D.
863 1853 908 1922 tle
937 1851 1038 1919 Ollio.
1069 1845 1181 1940 preel-

143 1977 231 2061 Aug.
254 1971 361 2038 stibi
383 1965 578 2050 Seh'ulting.
1060 1943 1064 1950 ’
1241 1969 1243 1976 ’

187 2078 424 2151 Foederatas.
465 2075 515 2140 De
531 2070 588 2136 bis
613 2091 645 2136 v.
669 2067 785 2151 Sigon.
808 2063 852 2130 de
873 2063 917 2130 A.
939 2065 967 2131 1.
989 2064 1047 2130 Pr.
1063 2065 1091 2132 1.
1117 2087 1147 2130 1.

188 2187 435 2258 Laborantes.
457 2179 480 2245 i.
503 2203 534 2245 e.
558 2197 750 2267 oppressos.
792 2174 915 2241 Labor
933 2168 1063 2238 dicitur
1083 2193 1186 2237 omne

144 2291 295 2372 malum,
319 2286 428 2374 omnis
446 2281 610 2350 molestia.

190 2402 297 2479 Mox,
319 2415 421 2483 saepe
450 2389 632 2460 Suetonius
647 2385 741 2453 'dicit
765 2407 832 2480 pro
856 2381 996 2451 deinde.
1025 2383 1109 2451 Tib.
1131 2385 1184 2454 26.

146 2533 212 2580 neo
238 2501 397 2589 'amplius
421 2523 529 2588 quom
559 2519 639 2562 mon
670 2507 745 2561 tres
776 2493 982 2558 consuletur
1001 2492 1130 2576 gessit.
1153 2512 1186 2558 v.

150 2618 254 2681 Torr.
278 2605 322 2674 ad
344 2603 381 2672 b.
402 2604 426 2679 l.
448 2616 482 2672 et
498 2600 626 2670 Duker.
650 2596 693 2665 ad
719 2597 812 2664 Flor.
830 2595 891 2664 111.
917 2619 968 2663 ιο.
989 2597 1120 2688 p-„52n

196 2718 257 2795 48,
301 2717 536 2799 Regnorum.-
569 2707 627 2776 Sis
648 2705 832 2792 legendum
858 2719 910 2770 est
936 2698 1007 2768 fide
1035 2701 1186 2771 Mssto-

147 2843 226 2889 rum
243 2816 423 2896 libroqm.
446 2809 560 2900 Quam
575 2806 783 2884 locutionem
800 2831 819 2872 a
836 2801 1010 2898 ¹communi
1031 2799 1186 2892 loquen-

151 2925 191 2991 di
214 2922 324 2991 forma
345 2913 766 3000 abhorrentemlibrsnii,
789 2929 828 2980 ut
853 2910 985 2995 solent,
1006 2908 1045 2976 in
1066 2909 1188 2998 vulga..
1249 2929 1260 2950 ‹

91 3095 94 3100 ,
148 3057 225 3102 rem
242 3031 430 3096 niu'tarunt.
474 3024 538 3112 Est
559 3036 671 3088 autem
690 3023 729 3087 in
747 3045 939 3108 regnorum
959 3041 1024 3108 per
1048 2997 1190 3110 ellipsin
1245 3081 1252 3100 .

150 3130 387 3227 supplendum
411 3133 486 3200 illo.
514 3125 625 3206 Plaut.
652 3125 765 3193 Oasin.
785 3121 884 3214 prol.
905 3129 954 3196 15.
999 3127 1102 3194 Num
1126 3129 1190 3196 iu.

131 3246 296 3314 'reiorum
327 3240 390 3328 qni
415 3247 528 3316 sunt,
563 3255 633 3300 non
658 3233 801 3299 nubunt.
835 3230 929 3299 Mela
952 3233 1013 3300 III.
1037 3238 1068 3305 6.
1112 3237 1191 3306 His

151 3350 227 3417 oris
247 3348 383 3412 multae
402 3342 572 3430 ignobiles
587 3341 725 3406 insulse
739 3328 942 3420 'edissena
963 3342 1029 3406 sed
1044 3365 1200 3422 eorum,
1277 3370 1282 3376 “

152 3479 244 3546 quos
254 3453 466 3540 praeterire
487 3472 555 3514 non
572 3449 699 3530 biset,
723 3444 843 3512 Gades
854 3443 1002 3531 fretum
1023 3450 1191 3540 attingit.

152 3586 186 3630 v.
207 3557 366 3626 Perizon.
389 3553 433 3622 ad
461 3555 578 3624 Senot.
600 3555 690 3622 Min.
707 3551 768 3622 IV.
791 3555 823 3622 5.
854 3575 892 3640 p.
915 3549 990 3637 544.
1012 3567 1048 3622 et
1073 3555 1191 3624 Burm.

132 3668 201 3745 'etl
223 3667 260 3734 b.
285 3664 310 3733 l.
368 3691 369 3695 ’
853 3687 857 3692 ·

199 3779 397 3854 Rectores,
413 3796 514 3862 saepe
536 3769 722 3851 dicuntur,
745 3749 1191 3859 qui-moderandaeiuven-

157 3885 222 3960 tuti
240 3877 526 3970 praeponuntur,
548 3877 601 3946 vel
619 3874 762 3968 pupillis
785 3891 911 3942 tutores
931 3872 1079 3957 dantur,
1100 3891 1140 3942 ut
1157 3873 1193 3944 h.

96 4086 100 4095 .
155 3993 180 4070 l.
207 3989 318 4056 Tacit.
342 3986 436 4064 Anu.
453 3987 481 4056 1.
506 3986 555 4055 14.
578 3983 731 4052 additur
754 3995 871 4050 rector
890 3983 1019 4053 iuveni.
1043 3981 1137 4050 XIII.
1163 4005 1195 4050 2.

531 4095 534 4104 ’
661 4091 733 4164 1⁴5-
1092 4087 1196 4162 llus·
1233 4119 1256 4132 ¹·
