2812 4512
472 257 770 344 caestu
1088 273 1132 348 ὥ

100 459 163 541 Ἢ.
186 447 324 530 Censuit
348 456 478 525 Honor.
498 460 571 528 621.
594 478 626 526 v.
650 451 840 543 spanhem.
860 439 905 522 ad
924 443 1058 526 callim.
1084 455 1155 558 Hp

101 571 303 756 mdiiiaausid,
319 684 371 737 est
390 687 496 756 genus
516 666 682 760 poematis
698 665 769 736 sive
785 664 937 752 fabulae,
960 685 1031 758 qno
1051 683 1132 736 tnr-

44 778 159 874 pia
182 779 360 846 hominum
383 774 472 840 iacta
494 791 571 836 cum
591 762 729 840 lascivia
754 774 1005 863 exprimuntur.
1028 775 1136 846 ovid:

105 888 212 954 Trist.
232 887 278 952 Π.
295 885 369 954 515.
415 877 580 948 Scribere
606 900 639 941 er
633 875 724 964 fas
750 890 806 944 eat
830 879 1016 948 imitantes
1046 894 1136 956 tur·

98 995 168 1081 pia
189 992 325 1058 mimos.
370 985 422 1052 Ex
445 979 547 1048 hoe
536 1001 613 1070 1pso
634 981 774 1048 Laberii
800 983 904 1050 mimo
929 983 1133 1073 pulcherri-

24 1147 29 1158 .
103 1119 196 1164 mum
220 1095 448 1182 fragmentum
467 1086 677 1158 conservavit
699 1085 856 1155 Meorob.
879 1087 1017 1168 Saturn.
1035 1096 1080 1163 II.
1101 1117 1138 1184 7.‘

137 1202 289 1270 'Annulo
310 1220 433 1270 aureo.
478 1198 572 1281 Gur,
596 1197 743 1288 quidam
761 1218 866 1288 eques
888 1213 984 1283 erat,
1006 1197 1135 1268 annulo

102 1329 205 1373 aureo
216 1304 436 1376 donabatur?
459 1305 593 1393 Nempe
606 1303 793 1385 Laberius,
808 1325 886 1370 cum
906 1305 975 1390 egit
993 1307 1135 1376 mimum

67 1481 70 1489 ,
104 1411 142 1478 in
160 1435 281 1498 scena,
304 1427 499 1502 equestrem
518 1404 675 1474 ordinem
691 1410 817 1494 amisits
840 1408 986 1479 donatus
1004 1439 1025 1480 a
1044 1415 1137 1492 Cae·-¹

103 1541 179 1586 aare
200 1516 327 1586 annulo
349 1535 472 1597 aureo,
493 1513 639 1604 recepit.
659 1538 692 1583 r.
716 1518 859 1587 Casauh.
874 1517 926 1586 'ad
947 1519 985 1587 h.
1005 1517 1031 1588 l.

149 1623 194 1691 In
217 1623 498 1714 quatuordecim.
547 1621 591 1687 In
619 1619 880 1710 amphitheatris
907 1624 1052 1693 Senatus
1077 1637 1138 1692 se·'

106 1725 168 1816 des
194 1729 389 1812 orchestra,
421 1727 586 1819 Equitum
616 1727 807 1816 equestria,
840 1728 954 1819 plebis
982 1727 1135 1821 popula-

106 1835 159 1900 ria
190 1832 408 1903 dicebantur.
461 1833 531 1902 Sed
567 1831 738 1923 equestria
767 1854 845 1922 cum
877 1835 1139 1924 quatuordeeim

106 1938 230 2030 gradus
253 1957 437 2028 tenerent,
456 1961 590 2014 ueteres
608 1961 708 2029 saepe
731 1939 908 2007 brevitatis
937 1964 1052 2008 caussa
1074 1938 1138 2006 di·

108 2043 235 2110 cehant
254 2048 292 2113 in
314 2050 584 2135 quatuordecim
596 2047 718 2112 sedere
737 2068 803 2133 pro
820 2045 858 2111 in
876 2046 1138 2136 quatuordeeim
1189 2058 1191 2062 '

108 2149 272 2238 gradibus
290 2152 343 2220 vel
364 2150 544 2233 ordinibus
566 2149 701 2218 sedere.
744 2149 883 2232 Asinius
899 2149 1009 2218 Pollio
1031 2153 1137 2218 Cice-

107 2260 188 2325 roni
221 2259 267 2328 X.
297 2263 349 2329 52.
380 2259 592 2326 histrionem
626 2255 664 2321 in
696 2251 966 2338 quatuordecim
1000 2278 1140 2324 sessum

108 2366 268 2434 deduxit.
319 2365 426 2434 Plene
448 2363 535 2448 Aug.
568 2359 618 2428 14.
646 2359 862 2444 gregorium
894 2362 1115 2446 militem,
1097 2385 1139 2430 m
1180 2445 1183 2458 .

55 2543 59 2552 ,
108 2472 380 2560 quatuordecim
409 2469 595 2538 ordinibus
631 2465 822 2534 sedentem
852 2492 884 2536 v.
909 2467 1065 2558 Lipsium
1091 2466 1139 2538 de
1217 2537 1222 2546 ,

109 2576 369 2669 Amphialum.
473 2613 478 2627 ·

152 2685 457 2771 Producto,1.e.
480 2681 628 2776 prolato.

155 2792 343 2883 Gyrums
332 2815 411 2860 ue.
433 2791 611 2858 ambitum.

151 2899 346 2987 Euripo,
336 2923 361 2966 ι
383 2921 414 2966 e.
435 2896 524 2964 fossa
544 2916 651 2984 aquae
671 2891 799 2986 plena,
822 2914 890 2983 qua
914 2860 1041 2964 Caesar
1055 2921 1137 2966 are·

109 3025 191 3074 nam
209 2999 439 3071 circumdedit
462 2997 507 3068 ad
528 2999 744 3066 securitatem
766 3001 1006 3086 spectantium.
1050 3003 1137 3072 Rem

111 3105 261 3194 explicat
292 3105 383 3175 PIin.
414 3109 459 3177 II.
489 3109 534 3176 N.
556 3106 652 3176 VIII.
675 3128 707 3193 7.
737 3104 800 3169 uhi
835 3129 912 3174 cum
943 3125 1139 3194 narrasset,

114 3209 268 3299 Pompeii
297 3210 497 3302 elephantos
525 3213 743 3304 eruptionem
769 3227 935 3299 tentasse,
972 3239 1044 3282 non
1064 3218 1140 3284 sine

111 3318 290 3388 vexatione
310 3319 454 3410 populi,
475 3320 560 3388 haec
580 3316 698 3390 addit:
729 3321 873 3403 Qaafde
902 3346 1013 3388 eausa
1043 3322 1138 3390 Coed

112 3447 177 3492 ectr
200 3423 316 3490 simile
342 3429 587 3512 spectaculum
607 3423 795 3509 editurus,
825 3428 964 3513 euripis
991 3450 1149 3502 arenam,

109 3531 375 3618 circumdedit,
399 3556 488 3620 ques
511 3534 610 3600 Nero
629 3532 805 3620 princeps
830 3533 1004 3616 sustulit,
1026 3530 1142 3621 equiti
1197 3599 1199 3603 .

110 3641 189 3706 loca
206 3637 354 3704 adderes.
376 3660 408 3704 v.
432 3632 587 3726 Lipsium
611 3634 655 3702 de
673 3638 856 3728 Amphith.
881 3663 931 3707 ιι.

157 3744 363 3824 Desultorii
388 3746 474 3832 equi
493 3759 596 3838 sunt,
630 3767 650 3810 e
673 3742 797 3830 quibus
817 3743 856 3808 in
887 3766 989 3812 cursu
1011 3749 1138 3816 transi-

111 3849 245 3914 liebant
274 3849 312 3914 in
344 3845 498 3916 alterum.
552 3851 623 3940 Qui
650 3851 698 3916 sio
735 3875 857 3942 corpus
891 3851 1024 3921 alterno
1050 3879 1142 3947 equo

113 3952 350 4038 traiioiebant,
371 3958 516 4047 proprio
538 3960 677 4028 nonaine
699 3959 895 4028 desultores
923 3957 1140 4029 dicebantur.

1107 4093 1139 4139 t.
